2762 4972
191 372 278 440 Ceput
295 371 330 440 Y.
364 371 407 423 De
427 368 601 438 dispositione
619 366 763 422 carminum
783 367 1027 438 Propertianorom.
1097 353 1148 432 89

91 545 217 620 allectus,
242 542 349 623 quibus
371 538 496 604 medium
520 557 639 605 carmen
661 541 813 624 expletur,
837 543 921 604 minis
941 543 1010 605 loco
1032 541 1150 620 cedunt,

90 653 145 696 cum
166 629 298 693 damnosi
320 635 440 690 eventus
462 636 663 706 exponuntur,
684 628 735 708 qui
757 627 924 692 adversarii
949 629 1047 705 iacta,
1069 631 1094 691 si
1117 632 1149 692 in

91 723 147 782 sua
163 715 270 796 agendi
298 713 414 778 ratione
441 715 696 793 perseveraverit,
724 716 895 776 necessario
923 715 982 778 siut
1009 717 1150 793 secuturi,

91 814 118 868 ut
136 803 157 878 l,
176 809 217 878 5.,
236 799 290 863 ubi
310 800 438 882 princip.
462 803 490 862 1.
511 806 552 876 2.,
573 799 649 862 med.
671 803 811 874 3-3o.,
830 801 901 863 exit.
923 805 1040 865 31:32.
1084 804 1149 866 Huc

91 892 168 953 etiam
194 888 343 970 pertinent
370 886 415 960 ll,
436 887 467 949 6.
490 893 521 950 et
543 889 613 960 le,
642 903 766 966 quorum
787 895 886 949 tamen
914 886 946 948 iu
967 886 1149 952 adornandis

90 975 213 1059 partibas
240 974 319 1038 ratio
343 971 527 1050 intricatior,
554 980 584 1034 et
605 970 664 1046 ΙΙΙ,
688 973 754 1046 15„
784 973 835 1033 nbi
864 974 1019 1036 suasoriae
1042 975 1149 1052 forma,

91 1080 158 1142 quae
185 1062 217 1123 in
243 1059 302 1121 fine
328 1057 425 1120 elucet
453 1059 513 1140 (tv.
533 1061 586 1122 43.
607 1057 691 1137 db),
719 1059 866 1140 principio
889 1058 1050 1138 (1-10.)
1079 1060 1155 1123 fidei

90 1141 289 1211 testificatione
321 1143 450 1209 velatur.
500 1142 648 1208 Interdum
678 1151 805 1225 utraque
836 1144 915 1207 ratio
950 1147 1150 1226 coniungitur,

90 1243 117 1296 nt
134 1235 163 1308 1,
183 1236 231 1304 4.,
252 1230 304 1294 ubi
326 1247 395 1312 cap.
421 1233 526 1294 1-4.
549 1221 692 1312 ἆντίστρ.
717 1223 758 1291 α’.
782 1231 913 1294 5-19
934 1223 977 1311 β’.
998 1237 1148 1298 17-26.

90 1311 182 1402 iared.
204 1322 258 1382 27.
281 1318 333 1380 28.
375 1315 430 1379 Est
456 1317 560 1392 etiam,
586 1315 704 1396 quando
728 1325 821 1396 poeta
845 1317 1003 1380 verborum
1030 1337 1150 1382 snorum

89 1405 207 1486 ponderi
229 1403 305 1468 adeo
321 1400 451 1478 conlidit,
471 1412 504 1466 ut
523 1403 555 1464 in
574 1401 631 1462 fine
649 1417 708 1464 non
730 1411 790 1465 tam
804 1403 880 1464 bene
901 1412 1039 1484 speret,
1062 1424 1150 1486 quam

90 1491 176 1554 animo
199 1498 335 1555 eventum
357 1505 504 1570 occupans
532 1487 624 1552 veluti
653 1489 713 1550 iam
740 1489 898 1570 impetrata
918 1507 953 1551 re
983 1492 1150 1569 gaudeat

92 1586 118 1639 et
136 1595 210 1656 quae
234 1573 342 1638 deinde
363 1575 402 1636 sit
427 1575 575 1648 facturus,
597 1589 702 1636 secure
725 1583 868 1655 exponat,
889 1583 921 1637 ut
942 1575 990 1638 ΕΙ.
1007 1577 1067 1654 ΙΙΙ,
1088 1581 1151 1653 29,

89 1663 134 1724 nbi
153 1680 218 1725 cum
237 1662 340 1726 1-e.
356 1660 533 1742 principium
548 1661 717 1722 contineant
745 1660 871 1724 medium
889 1677 1007 1724 carmen
1020 1663 1150 1742 (7-9.)

89 1748 255 1812 brevissime
278 1747 452 1822 absolvitur,
473 1765 531 1826 quo
551 1744 661 1809 diutius
683 1763 717 1809 ee
732 1747 776 1808 eri
796 1748 883 1809 unius
904 1765 1007 1812 versus
1026 1750 1152 1811 transitu

90 1833 161 1896 iacto
180 1835 223 1914 (v.
241 1831 306 1912 lo.)
328 1835 360 1894 in
379 1830 593 1908 describendis,
613 1849 690 1912 quae
711 1850 743 1896 se
763 1842 909 1910 maneant,
927 1835 1034 1898 beatae
1055 1836 1151 1897 noctis

89 1920 197 1999 gaudiis
226 1920 321 2002 possit
348 1919 527 1981 commorari
549 1917 612 1998 (vv.
636 1920 811 1996 11-36.).
855 1919 950 1996 Quam
970 1929 1077 2001 poetae
1098 1939 1152 1984 vo·

90 2006 222 2071 luntatem
243 2023 303 2068 non
324 2007 454 2083 assecuti
474 2005 515 2078 ii,
543 2006 594 2085 qui
620 2013 689 2085 post
708 2003 894 2084 scaligerum
915 2005 985 2069 inde
1006 2026 1026 2070 a
1047 2025 1074 2070 v.
1099 2010 1151 2071 ll.

90 2111 183 2158 nevam
206 2093 337 2172 elegiam
359 2092 421 2153 orsi
448 2101 529 2167 sunt,
555 2109 593 2154 ne
619 2091 677 2153 boe
703 2091 821 2171 quidem
845 2101 1016 2169 senserunt,
1042 2093 1152 2172 optime

91 2196 107 2240 a
123 2189 209 2260 poeta
233 2197 299 2241 esse
319 2178 499 2254 institutum,
516 2176 596 2258 quod
617 2193 682 2239 cum
701 2185 787 2240 nocte
806 2177 866 2239 iam
886 2180 1003 2259 iamque
1022 2177 1151 2242 instante
1170 2215 1173 2221 ·

91 2276 164 2328 certa
189 2265 316 2328 foedera
340 2262 479 2326 facienda
506 2281 572 2326 essa
594 2264 779 2344 pronuntiet,
804 2281 842 2325 ne
864 2265 930 2344 quvis
951 2264 1071 2328 libidini
1092 2265 1151 2326 soli

90 2349 198 2414 deditus
230 2350 339 2414 amoris
372 2359 476 2412 saneta
507 2351 575 2412 iura
603 2357 735 2429 rumpat,
768 2368 890 2430 cumque
921 2351 1044 2431 periuro
1073 2351 1152 2412 mala

91 2439 180 2499 onnia
200 2438 381 2518 imprecetur
401 2470 445 2479 —
465 2433 512 2498 bis
534 2435 608 2518 ipsis
629 2436 783 2515 promissis
810 2452 870 2498 non
895 2435 1074 2500 levissimum
1102 2455 1151 2498 ar-

91 2533 251 2602 gumentum
270 2531 372 2585 nactus
395 2529 454 2597 est,
477 2537 537 2600 quo
557 2520 693 2603 puellae,
713 2529 746 2583 ut
766 2521 873 2602 perfidi
894 2524 1036 2585 amatoris
1059 2521 1153 2584 oblita

89 2609 117 2670 in
142 2627 213 2672 snos
241 2610 322 2670 sinus
349 2616 535 2682 recurreret,
562 2606 767 2688 persuaderet.
809 2608 914 2688 Itaque
936 2626 1001 2671 cum
1028 2627 1153 2689 persua-

91 2693 174 2758 dendi
204 2695 360 2757 eonsilium
387 2694 582 2774 dispositione
613 2693 751 2764 carminis
784 2691 962 2768 dissimulet,
994 2695 1053 2757 boc
1084 2694 1151 2776 ipso

89 2783 241 2856 verborum
262 2779 379 2863 pondus
402 2787 493 2858 auget
520 2778 665 2859 simulque
685 2779 800 2840 efficaci
824 2780 879 2841 illo
902 2779 1029 2843 artificio
1050 2781 1153 2854 utitur,

91 2885 143 2947 quo
164 2869 215 2944 id,
243 2865 323 2948 quod
343 2866 509 2945 impetrare
522 2865 672 2942 volumus,
694 2866 832 2945 quoniam
852 2865 935 2929 nullo
956 2861 1044 2928 modo
1065 2867 1152 2928 nobis

89 2956 189 3034 negari
219 2955 329 3035 possit,
356 2954 416 3013 iam
437 2952 549 3014 habere
575 2968 630 3013 nos
651 2951 868 3032 praedicamus.
911 2951 982 3013 Alia
1007 2951 1084 3014 ratic
1108 2961 1154 3014 est

89 3037 132 3103 ΕΙ.
152 3038 184 3116 Ι,
205 3042 254 3115 8.,
275 3041 305 3101 in
328 3058 387 3119 qua
409 3039 540 3119 quamvis
561 3038 711 3112 anxietas,
735 3056 811 3118 qnae
833 3038 1008 3118 principium
1031 3038 1152 3114 obtinet,

89 3128 179 3205 magis
203 3127 308 3201 etiam,
334 3143 421 3206 quam
442 3125 474 3185 iu
497 3125 652 3204 superiore
678 3123 732 3184 sub
758 3122 843 3184 linem
865 3125 895 3185 in
921 3123 1060 3204 gaudium
1086 3124 1151 3205 ple·

90 3229 153 3274 unm
175 3222 205 3274 et
230 3229 326 3294 paene
354 3209 488 3272 exultans
516 3218 721 3284 eonvertatur,
749 3218 847 3272 tameo
869 3211 1008 3292 quoniam
1033 3208 1152 3272 diverso

90 3304 219 3378 tempore
240 3300 297 3360 hae
318 3305 420 3378 partes
442 3297 572 3377 scriptae
595 3294 846 3376 recolliguntur,
874 3295 948 3358 duas
971 3295 1084 3375 elegias
1108 3295 1153 3357 el-

89 3381 201 3458 iciant,
223 3384 276 3446 sed
297 3392 356 3445 tam
376 3391 442 3444 arte
461 3382 541 3444 iuter
563 3399 595 3444 se
616 3383 747 3456 iunctas,
766 3391 799 3444 ut
820 3382 925 3458 altera,
946 3400 1023 3464 qnae
1042 3399 1097 3462 per
1118 3399 1152 3442 se

89 3469 135 3530 vix
154 3480 235 3534 stare
257 3469 368 3550 possit,
388 3465 426 3529 ad
448 3465 703 3532 consummandam
723 3477 832 3530 tantum
852 3469 963 3550 prioris
985 3467 1153 3529 conclusio-

89 3572 151 3616 nem
171 3563 345 3636 comparata
367 3571 431 3616 esse
451 3553 598 3637 videatur,
642 3553 778 3616 Ceteram
798 3572 845 3616 vv.
862 3557 988 3618 l-w26.
1004 3554 1093 3635 plane
1114 3551 1154 3614 ad

88 3650 215 3704 nostram
239 3641 484 3722 comperiisset,
512 3657 636 3721 quarum
657 3639 731 3702 haec
752 3639 896 3703 iacillima
917 3650 962 3702 est
983 3639 1153 3701 distributio

90 3727 124 3789 A.
147 3729 254 3790 Ι-Θ,
276 3728 312 3788 Β.
334 3731 465 3791 9-16,
487 3725 521 3789 G.
541 3729 690 3790 17-26.
737 3723 862 3789 Pariunt
888 3727 982 3804 igitar
1012 3722 1154 3806 quodam·

90 3811 174 3877 modo
204 3812 264 3876 duo
292 3812 357 3888 illi,
389 3815 441 3893 qui
465 3812 590 3895 primum
616 3811 764 3892 propositi
794 3820 861 3874 sunt
887 3810 1008 3874 allectus
1034 3813 1153 3873 tertium

90 3897 193 3974 alium,
219 3897 368 3963 interdum
387 3900 431 3960 ita
452 3897 623 3960 dissimilem
643 3897 885 3978 parentibus,r1t
906 3897 1087 3959 casuarium
1107 3895 1121 3956 f
1140 3929 1154 3944 ·

91 3984 146 4046 tile
170 3985 299 4061 dixeris,
321 3987 355 4047 ut
382 3984 409 4046 si
427 3983 474 4046 El.
491 3984 523 4058 Ι,
544 3987 596 4048 19.
619 3984 818 4066 suspiciones,
845 3979 967 4049 timeres
992 3983 1154 4062 mortisque

90 4067 204 4133 futurae
225 4070 371 4149 imagines
392 4068 591 4151 praesentium
611 4069 789 4146 gaudiorum
807 4067 1015 4133 adhortatione
1036 4069 1153 4129 ebrum-

90 4155 140 4234 pit.
183 4157 236 4220 llis
255 4154 332 4220 adde
355 4159 465 4218 amoris
485 4155 571 4218 fidem
592 4153 797 4236 interpositam
817 4155 856 4231 ll,
875 4161 906 4220 6.
929 4163 1003 4218 extr.
1027 4161 1056 4215 et
1076 4153 1154 4218 inter

92 4239 231 4304 laetitiam
260 4250 289 4306 et
315 4243 409 4305 bonas
436 4260 504 4322 spes
524 4243 660 4305 timorem
681 4243 713 4304 in
737 4241 795 4304 fune
821 4249 1016 4322 emergentem
1036 4238 1082 4314 ll,
1105 4241 1156 4312 19,

96 4331 238 4392 29-32,
284 4328 419 4406 Quodsi
444 4329 510 4410 quis
531 4327 662 4391 Dissenii
690 4327 823 4410 opinioni
846 4327 965 4390 assidue
985 4323 1158 4408 patrocina-
