2762 4972
167 361 255 434 cnput
271 363 305 434 V,
337 362 380 418 De
397 359 573 432 dispositione
590 361 737 418 carminum
753 361 999 434 Propertienomm.
1072 353 1124 431 99

215 534 279 603 quid
298 533 407 588 omnino
424 531 515 588 ultra?
549 534 624 590 Nihil
644 534 778 606 prolecto,
799 534 856 589 niai'
868 535 919 590 hoo
935 553 1032 592 unum:
1050 541 1121 609 quod

215 619 275 656 earu
293 604 452 657 sententiam
470 621 510 657 ne
528 621 615 659 more
634 607 772 674 quidem
790 605 825 658 sit
843 606 984 674 deletura).
1101 621 1103 626 ⁴

60 671 86 726 B.
102 674 218 730 17-24.
236 671 420 793 {fluitem
443 672 480 726 in
505 673 515 726 i
523 689 587 742 pso
611 673 741 730 tumere
764 675 929 744 splendidam
946 691 1070 745 pompam
1090 694 1121 731 se

214 757 247 796 ro
268 759 283 794 a
302 757 328 793 ar

59 808 217 866 dat-30.
241 811 288 863 sed
310 782 378 863 duos
403 811 503 862 tentum
527 807 655 879 comites,
683 807 835 864 earmina
857 826 908 866 sno
932 809 989 880 (25.
1011 814 1067 882 26.)
1091 819 1120 869 et

213 894 366 932 emonem
386 876 550 946 (27-30.).

58 944 82 1002 lt.
96 949 218 1006 31-34.
236 947 390 1004 Quinimmo
412 953 491 1015 post
515 947 642 1000 funere
666 949 694 998 ot
716 945 849 1001 bustum
872 948 967 1004 obesse
982 949 1057 1005 iubet
1074 968 1120 1006 so-

212 1017 288 1070 litam
306 1020 536 1068 monumentorum
551 1013 786 1078 magnificentiam.
814 1056 818 1062 .

59 1083 139 1145 add.
155 1091 201 1141 36.
223 1087 272 1138 Sat
296 1083 348 1138 sibi
372 1083 528 1137 versibus
551 1081 707 1150 inscriptum
730 1085 878 1154 tumulum,
902 1083 949 1154 qui
974 1100 1117 1140 amorem

212 1169 307 1207 suum
324 1152 508 1206 tostilloentur.

79 1247 81 1258 =
113 1242 136 1278 a.
154 1227 199 1277 37.
218 1226 262 1278 38.
279 1224 321 1274 Ita
338 1220 426 1273 lemae
442 1237 507 1273 suae
524 1217 588 1272 satis
606 1217 740 1288 provisum
758 1233 828 1274 esse.

32 1297 33 1302 ’
58 1325 83 1382 c·
112 1294 137 1350 b.
154 1297 199 1347 39.
216 1294 260 1344 40.
280 1293 316 1343 At
332 1305 367 1342 no
384 1294 441 1343 tum
459 1289 582 1359 qnidam,
600 1287 671 1356 epod
688 1286 803 1353 inieros,
820 1289 957 1408 {euellere
973 1290 1118 1413 {gotum

767 1373 817 1409 exo
833 1375 876 1410 um
893 1373 928 1410 ιιι
945 1375 974 1412 er
1008 1377 1047 1418 n.

111 1445 134 1487 e.
149 1431 194 1485 dt.
210 1429 256 1484 42.
274 1425 317 1480 Ne
333 1423 417 1492 igitur
435 1423 534 1478 mortui
551 1423 636 1478 oblita
653 1439 715 1478 ome
733 1423 878 1496 inquietet,
897 1435 966 1486 orat.

54 1563 123 1627 lleee
150 1563 262 1643 igitur,
289 1567 322 1623 ut
351 1558 430 1636 diri,
459 1559 502 1624 ito
529 1567 596 1623 suut
622 1559 758 1643 perlecta
787 1568 817 1623 et
844 1571 1057 1639 consummata,
1085 1571 1119 1629 ut

54 1651 118 1712 nihil
151 1651 269 1712 omuino
304 1647 373 1708 hino
407 1647 517 1720 omitti,
553 1646 628 1709 rilril
661 1648 724 1710 sine
758 1645 863 1710 damno
901 1648 973 1710 eddi
1010 1650 1114 1731 possit.
1145 1696 1147 1702 ·

55 1736 107 1797 lem
135 1737 206 1798 mihi
240 1732 412 1807 considero,
445 1730 517 1812 quid
544 1731 620 1794 illud
649 1734 702 1809 sit,
736 1732 816 1812 qnod
850 1733 968 1797 librarii
997 1735 1117 1815 dignum

54 1822 214 1898 inbuerint,
246 1836 304 1899 quo
332 1830 390 1881 tam
419 1817 571 1898 egregium
599 1835 707 1900 poema
734 1819 888 1901 ipsumque
913 1820 990 1884 adeo
1015 1821 1118 1884 eondi-

56 1916 107 1969 tum
135 1917 165 1972 et
196 1905 340 1986 sepultum
367 1913 486 1986 poetam
514 1911 618 1966 ooutre
650 1905 712 1966 eius
744 1914 814 1968 rota
843 1924 982 1986 supreme
1013 1908 1118 1970 turba·

54 2002 119 2056 rent.
171 1991 263 2066 Eum,
295 2008 381 2071 quem
409 1989 453 2052 itu
480 1997 645 2053 contentum
675 2007 730 2052 sue
758 1990 929 2056 conditiore
956 1990 1044 2055 modo
1072 1993 1118 2055 ri·

56 2077 138 2143 diuus
161 2087 192 2142 et
219 2078 354 2152 beatum,
380 2082 413 2137 ut
436 2075 485 2139 rel
513 2083 584 2156 post
611 2077 725 2138 eineres
747 2075 810 2139 alia
837 2079 881 2140 uti
907 2096 940 2141 se
960 2078 1039 2142 relle
1064 2097 1118 2142 ue-

56 2174 148 2243 garet,
176 2165 255 2226 huno
285 2160 410 2224 eundem
432 2158 577 2224 “contiuuo
606 2162 710 2225 iubent
737 2162 826 2226 ritem
852 2182 935 2226 suom
964 2163 1118 2228 exsecrari

55 2251 206 2332 horamque
228 2251 332 2328 ipsum,
354 2263 414 2328 que
433 2246 558 2328 primum
580 2246 675 2310 lucem
698 2245 884 2328 adspexerit,
905 2249 1046 2314 debiliter
1065 2251 1118 2312 de·

55 2339 176 2407 testoni„
203 2333 265 2398 Sed
292 2334 349 2396 loo
377 2349 432 2394 nos
453 2332 600 2396 iudicasse
620 2332 815 2414 prudentibus
839 2334 911 2396 setis
934 2344 995 2411 est3
1023 2335 1118 2418 pluri·

54 2422 101 2484 lus
122 2422 326 2485 demonstrare
352 2418 488 2498 longum,
514 2421 690 2498 praesertim
717 2436 797 2495 orum,
824 2436 882 2500 quo
903 2421 1021 2483 taudem
1042 2422 1118 2492 lraeo

55 2508 157 2571 leoinin
187 2509 226 2569 sit
253 2504 427 2579 referendo,
456 2513 488 2567 ut
514 2521 632 2566 carmen
659 2523 742 2566 suum
770 2522 830 2568 non
859 2505 1034 2584 dedecoret,
1064 2507 1119 2570 sed

57 2603 146 2669 ornet,
168 2593 233 2654 elio
253 2593 322 2654 loeo
344 2591 432 2652 simus
454 2590 628 2670 exposituri.
672 2590 718 2653 Gt.
736 2589 857 2666 Quaest.
879 2591 915 2654 L.
930 2591 983 2654 Ill.
1006 2609 1071 2674 oep.
1088 2598 1119 2657 2.

53 2679 234 2742 Probabilior
253 2677 341 2740 multo
357 2675 461 2738 laoobi
483 2693 574 2737 eausa
592 2677 624 2737 in
641 2675 687 2738 El.
701 2677 739 2749 ll,
754 2679 815 2752 18„
835 2678 866 2739 in
884 2696 943 2757 que
961 2677 1119 2742 effectuum

54 2767 199 2830 conversio
222 2763 438 2838 uehementior,
459 2763 601 2824 transitus
620 2763 844 2843 praeruptiores
867 2771 895 2825 et
916 2781 1011 2843 paene
1031 2766 1118 2826 hieu-

53 2860 99 2914 tes.
142 2851 250 2933 luoipit
279 2859 376 2912 eutem
404 2848 502 2910 stetim
524 2866 543 2910 a
564 2847 679 2928 ligure,
708 2846 745 2911 de
772 2867 831 2930 que
858 2848 939 2911 iulre
966 2851 1053 2912 etiam
1075 2851 1119 2914 ri-

53 2937 169 3000 dendum
190 2938 247 2999 erit
264 2968 307 2980 —-
328 2942 374 2998 est
394 2935 470 2996 euim
490 2921 692 3018 ἀποστροφή
712 2966 754 2978 -—
774 2933 827 2998 sed
849 2953 908 3015 que
926 2935 952 2996 si
974 2937 1012 2997 eb
1032 2937 1118 2998 initio

53 3025 154 3102 umris,
189 3022 320 3085 mutilum
352 3018 614 3100 eapite-rideatur
642 3037 770 3082 oermen.
820 3021 894 3082 Nem
923 3039 1000 3100 quae
1029 3031 1119 3085 autea

53 3109 125 3173 lauta
152 3109 227 3184 sint,
252 3106 430 3186 intelligitur
454 3105 570 3187 potius,
597 3124 684 3187 qnam
708 3106 808 3169 uerbis
836 3105 1010 3186 explicetur.
1054 3109 1119 3170 llae

52 3206 140 3260 autem
168 3204 237 3257 sunt
264 3191 463 3274 querelae,
491 3190 595 3272 quales
624 3192 765 3272 plurimas
788 3195 819 3254 iu
845 3193 989 3274 proximis
1011 3195 1118 3255 onrmi-

52 3284 130 3344 nibus
152 3280 296 3344 inuenies.
339 3278 393 3341 llis
415 3278 507 3357 igitur
528 3275 595 3355 (A.)
617 3278 757 3341 obiicitur
778 3279 956 3353 admonitio,
985 3296 1023 3341 ue
1047 3297 1119 3359 pru-

53 3366 159 3432 dentem
183 3365 302 3451 quidem
323 3381 408 3439 esse,
429 3363 481 3445 qui
501 3363 598 3424 nimiis
617 3363 753 3428 lamentis
776 3365 890 3426 eminae
913 3364 1006 3427 durae
1026 3382 1116 3427 aures

51 3453 165 3535 letiget;
203 3452 359 3515 connivent
390 3451 466 3512 euim
497 3457 655 3530 oportere,
690 3451 741 3532 qui
778 3468 843 3512 oum
878 3467 1016 3512 suooessn
1048 3450 1121 3514 relit

53 3559 144 3604 amare
166 3538 217 3618 (B.
236 3556 264 3601 r.
285 3535 418 3616 1—4.).
437 3533 445 3596 ἶ
460 3534 544 3597 lleeo
567 3545 685 3598 eontra:
708 3555 767 3599 nou
788 3537 852 3611 trio,
874 3535 945 3616 quid
965 3534 1132 3618 prudentis

53 3627 97 3702 sit,
120 3626 243 3708 quaeri,
272 3620 326 3685 sed
347 3623 391 3685 ita
413 3621 571 3684 inhumana
594 3629 624 3684 et
645 3631 750 3685 eontra
772 3632 906 3685 naturam
933 3640 1016 3698 esse,
1043 3640 1121 3702 qnae

53 3714 178 3776 tolerare
196 3711 344 3780 iubeatur,
365 3716 398 3770 ut
413 3709 514 3788 ipsum
529 3715 629 3770 tenere
645 3711 684 3771 sit
705 3710 892 3772 inhumanum
908 3705 956 3785 (G.
970 3709 1121 3786 5m20.).

53 3797 142 3862 llnhes
166 3798 262 3876 igitur
289 3795 446 3874 repetitum
475 3794 651 3878 principium
674 3794 741 3874 (Α.)
762 3812 857 3874 eoque
878 3802 1011 3869 anetum,
1040 3793 1122 3873 qnod

55 3900 150 3948 sensas
175 3885 239 3946 eius
264 3881 456 3960 gravissimas
478 3879 582 3944 edidit.
626 3879 659 3940 ln
682 3881 728 3944 lris
753 3890 849 3944 autem
872 3873 994 3958 κλῖμαξ
1018 3879 1122 3943 tortis-

55 3970 170 4034 sinuit
192 3988 249 4051 per
271 3969 463 4047 euthymema.
506 3965 580 4028 Nam
602 3982 667 4028 oum
693 3967 750 4030 iam
777 3968 809 4029 in
830 3983 900 4028 sene
921 3964 1024 4028 uxoris
1050 3984 1121 4047 per-

54 4053 115 4120 idie
143 4056 256 4120 crimen
286 4055 324 4117 sit
351 4051 597 4128 abominandum,
626 4053 658 4114 iu
679 4072 765 4134 quem
786 4062 885 4116 temen
906 4052 932 4112 si
953 4067 1030 4133 quae
1051 4069 1123 4133 peo-

56 4145 177 4218 uererit‚
204 4141 298 4204 multo
325 4140 450 4220 aequius
476 4139 559 4202 feres
581 4156 667 4218 quam
689 4140 720 4200 in
743 4137 950 4212 adolescente,
978 4156 1038 4219 qua
1059 4146 1125 4200 teu·

56 4225 109 4292 dem
131 4227 311 4311 impotentia
328 4225 483 4305 Gyutlriam
505 4243 572 4288 esse
596 4224 688 4300 dieas,
710 4241 787 4306 quoae
810 4241 875 4286 eum
897 4241 970 4284 enus
991 4225 1125 4286 irruerem

57 4314 159 4394 oderit,
182 4313 256 4398 quid
277 4313 396 4376 lectura
418 4307 472 4390 sit,
493 4313 520 4374 si
540 4313 608 4393 ipsa
629 4328 771 4375 annornm
792 4311 868 4374 llore
887 4326 985 4372 senem
1002 4310 1128 4372 haberet

872 4414 891 4473 ⁷
924 4460 943 4491 ἢ
958 4455 979 4489 ¹et

816 4509 844 4533 1¹1
862 4497 900 4518 Η)
924 4491 946 4524 ³⁴
958 4487 979 4520 ὓ.
