2806 4974
227 364 317 436 Caput
335 363 395 419 vn.
430 363 473 420 De
490 361 639 420 imitatione
655 371 794 436 poetarum
810 361 1059 422 Alexandrinorum
1092 351 1175 433 201
1215 441 1217 446 Α

105 533 199 600 semel
225 536 340 620 placite
367 537 558 617 mutaverint,
569 539 757 641 potissimae
783 547 883 604 tamen
907 537 991 620 leges
1014 547 1044 604 et
1070 541 1176 644 quibus

103 621 220 724 ingenii
248 623 367 687 diuersa
393 625 471 688 ratio
502 625 626 690 maxime
649 625 836 708 exprimitur,
864 641 921 706 per
942 627 1040 689 omnia
1061 630 1177 708 puriter

104 711 239 770 carmina
259 712 419 791 pertinent
462 711 625 774 Praeterea
646 712 895 775 Hermesianaetis
918 721 948 774 ιι
964 711 1123 776 Phanuelis
1145 723 1176 780 et

103 795 269 858 Alexandri
291 797 393 860 Aetoli
415 797 579 876 elegiarum
601 799 768 876 fragmenta
790 799 905 858 maiora
927 805 956 860 et
977 815 1013 861 ee
1031 800 1178 862 hutholo·
1256 815 1257 818 ’

105 882 178 960 gine
206 881 338 945 Graecae
370 885 598 983 epigrammata,
628 902 705 964 qnae
733 885 770 946 ab
800 883 973 971 aequalibus
1000 883 1178 950 Callimachi

105 968 221 1048 scripta
255 981 428 1068 argumento
461 971 595 1051 proxime
629 969 669 1032 ad
703 962 817 1048 elegias
850 969 1010 1044 accedunt,
1039 980 1177 1036 uersuum

106 1053 321 1133 compositione
342 1056 384 1117 1ιι
406 1067 473 1118 sunt
490 1055 696 1118 Callimacheis
717 1055 835 1129 similia,
852 1065 884 1118 ut
905 1055 1011 1116 bunc
1001 1074 1097 1156 ipsum
1118 1059 1178 1121 sibi

109 1139 141 1200 iu
162 1140 243 1202 ueris
272 1140 379 1220 elegiis
409 1141 630 1204 dissimiliorem
658 1143 750 1204 luisse
779 1141 882 1222 inepta
915 1140 954 1204 sit
982 1143 1096 1222 opinio.
1138 1143 1179 1208 Et

106 1243 179 1287 saue
202 1237 270 1288 sunt
291 1228 434 1306 quaedam
457 1230 487 1290 in
510 1228 652 1306 elegiacis
674 1227 753 1302 illis,
781 1226 812 1288 in
833 1228 939 1307 quibus
960 1229 1088 1307 uestigia
1109 1229 1177 1292 imi·

107 1311 230 1374 tationis
248 1312 398 1394 Propertii
420 1314 577 1377 manileste
597 1311 819 1395 deprehendere
840 1313 1001 1377 uideamur.
1044 1315 1118 1378 Num
1139 1331 1177 1379 uo
1227 1379 1229 1384 s

108 1396 146 1458 de
175 1399 334 1460 uocibus
326 1420 356 1462 ru
383 1401 559 1482 pentametri
587 1401 780 1463 hemistichiis
809 1399 945 1462 similiter
974 1397 1176 1464 desinentibus

108 1481 220 1559 dicam,
250 1503 374 1565 quorum
402 1487 432 1548 in
461 1486 602 1565 elegiacis
631 1486 771 1560 Graecis,
796 1485 1041 1548 Alexandrinis
1033 1487 1178 1566 inprimis,

108 1587 200 1649 snpra
227 1573 442 1671 quingenta
469 1573 604 1655 exempla
634 1573 699 1636 Nic.
726 1573 855 1634 Baebius
883 1571 1008 1650 collegit
1036 1573 1178 1650 (historia

108 1657 213 1718 critica
233 1659 332 1737 poesis
356 1659 535 1722 Graecorum
558 1659 721 1738 elegiacos.
744 1657 830 1722 Puld.
853 1660 946 1722 1840.
970 1676 999 1738 p.
1015 1662 1064 1722 17.
1085 1657 1179 1738 sqq),

107 1739 260 1820 longiores
287 1762 404 1826 quoque
433 1747 463 1807 in
491 1753 738 1827 pentametrurum
769 1743 911 1806 clausulis
939 1760 1042 1819 uoces,
1070 1745 1177 1824 quibus

107 1827 241 1907 inprimis
263 1830 379 1892 mollem
402 1833 465 1894 eins
487 1850 589 1896 uersus
615 1831 694 1894 ellici
723 1832 869 1898 incessum
894 1830 1050 1910 superiore
1079 1831 1179 1910 capite

108 1912 384 1991 demonstrauimus,
412 1918 482 1997 quin
509 1918 683 2000 Propertius
711 1935 794 1984 nunus¹
814 1916 940 1978 omnium
970 1917 1095 1978 maxime
1116 1915 1179 1979 Ru-

106 2017 259 2062 manornm
281 2013 434 2083 puetarum
455 2004 631 2068 Callimachi
654 2005 789 2084 exempla
811 2012 940 2065 sectatus
963 2003 1018 2076 sit,
1040 2019 1100 2065 non
1122 2001 1178 2066 du·

108 2085 183 2150 bito.
227 2086 316 2151 Certe
343 2090 374 2150 in
396 2091 501 2169 hymno
523 2092 553 2152 in
574 2091 610 2153 L.
633 2091 667 2152 P.
686 2090 765 2153 inter
787 2093 843 2164 71,
872 2089 978 2168 quibus
1006 2086 1082 2150 illud
1111 2105 1179 2152 car·

107 2189 172 2232 meu
198 2173 366 2250 coniicitur,
392 2184 590 2255 pentametros
614 2177 654 2240 57
677 2175 866 2238 inueniuntur
887 2173 1039 2236 clausulae
1062 2174 1176 2238 duabus

108 2257 232 2336 syllabis
265 2259 437 2338 longiores,
470 2263 549 2325 inter
581 2267 643 2326 119
673 2273 770 2324 auteur
802 2261 1044 2340 epigrammatum
1073 2279 1177 2324 uersus

108 2344 185 2405 edeu
214 2347 266 2408 94.
316 2346 392 2409 Tres
428 2349 504 2408 euim
534 2349 565 2409 in
595 2351 700 2428 hymno
731 2365 767 2409 eu
797 2365 851 2408 sex
883 2356 950 2410 suut
983 2346 1177 2425 syllabarum,

109 2432 149 2492 17
174 2431 319 2511 quinque,
349 2435 388 2497 lb
412 2443 566 2514 quattuor,
595 2433 730 2514 reliquae
752 2435 791 2494 21
817 2433 913 2494 trium.
956 2431 1003 2494 Ειι
1028 2435 1180 2512 epigram·

108 2515 193 2576 matis
216 2525 311 2578 autem
333 2517 378 2580 ιιι
393 2519 516 2599 primum
538 2536 632 2598 genus
653 2519 802 2598 pertinent
822 2519 859 2592 b,
882 2517 919 2580 od
943 2517 1101 2580 secuudum
1124 2522 1176 2596 12,

107 2601 147 2662 ad
171 2603 289 2664 tertium
310 2607 368 2677 36;
396 2605 484 2666 trium
506 2614 602 2666 autem
629 2604 826 2684 syllabarum,
855 2622 931 2683 qnae
958 2613 1100 2684 superant
1121 2607 1176 2668 41.
1221 2639 1223 2642 ·

107 2688 217 2752 Verum
239 2690 276 2750 ab
300 2689 356 2752 hac
383 2689 574 2752 similitudine
601 2691 784 2771 auspicatus,
812 2691 863 2768 qui
889 2690 920 2750 in
947 2689 1065 2769 reliqna
1088 2689 1178 2755 etiam

107 2775 331 2854 compositionis
354 2785 429 2852 arte,
450 2777 597 2856 quomodo
617 2779 694 2839 inter
707 2775 919 2839 Callimachum
941 2784 971 2836 et
989 2775 1186 2856 Propertium

107 2863 296 2934 conuenerit,
317 2860 519 2924 demonstrare
540 2881 572 2925 se
593 2881 684 2944 posse
706 2861 824 2937 credat,
852 2876 1034 2941 magnopere
1055 2860 1179 2926 errabit.

107 2946 184 3009 Nam
211 2946 242 3008 iu
269 2957 470 3028 temperatura
498 2948 793 3029 quidemlongarum
817 2954 847 3009 et
874 2947 1007 3010 brorium
1027 2947 1071 3010 ita
1093 2946 1180 3010 diffe-

107 3041 178 3094 ruut
213 3041 244 3094 ut
280 3035 331 3113 qui
363 3035 505 3109 maxime3
536 3029 681 3115 siquidem
708 3035 739 3095 iu
767 3033 906 3095 uniuerso
938 3034 1044 3113 hymno
1073 3032 1109 3095 L.
1133 3034 1180 3111 P,

9 3187 11 3196 τ
107 3136 194 3198 quem
216 3130 339 3199 propter
356 3131 560 3199 argumentum
582 3120 774 3200 grauissimus
793 3118 1085 3194 decebat.·uumerus,
1104 3118 1181 3182 Pru·

106 3204 312 3286 pertianurnm
334 3224 469 3268 uersuum
491 3207 607 3289 pondus
637 3216 666 3269 et
695 3206 857 3267 auotoritas
882 3204 958 3266 adeo
981 3203 1180 3281 desideretur,

107 3300 141 3353 ιιι
171 3289 265 3370 (qnae
296 3293 466 3372 gratissima
492 3293 625 3356 Romanu
655 3301 763 3373 poetae
791 3300 836 3354 est
864 3291 1006 3370 mixtura)
1030 3291 1187 3372 quaternis

9 3411 10 3414 =
108 3376 251 3457 spondeis
268 3378 406 3479 binisque
421 3378 544 3459 dactylis
562 3381 740 3460 compositus
758 3379 929 3441 hexameter
948 3395 1038 3438 unus
1062 3378 1180 3438 omnino

9 3531 10 3540 q
106 3463 288 3538 inueniatur,
318 3465 369 3544 qui
397 3465 427 3528 iu
456 3467 556 3545 quinto
586 3477 681 3528 eutem
708 3462 785 3545 pede
807 3463 872 3526 solu
895 3463 1040 3542 dactylum
1062 3463 1183 3538 babeat,

106 3566 234 3629 prorsus
256 3550 364 3614 nullus.
400 3549 537 3626 Contra,
559 3553 610 3633 qui
638 3552 711 3612 solis
736 3549 859 3630 dactylis
887 3557 1038 3624 constant,
1066 3550 1209 3612 aPru-·

107 3636 207 3716 portio
230 3637 382 3699 rarissime
408 3639 559 3718 usurpati,
587 3640 619 3700 in
640 3636 819 3711 modicoll
842 3653 979 3698 uersuum
1007 3651 1128 3696 numeru
1152 3640 1184 3708 9,

109 3723 255 3802 quivero
276 3742 363 3785 unum
385 3724 489 3785 saltem
509 3723 666 3786 admixtum
690 3721 849 3804 spondeum
871 3722 996 3794 habent,
1018 3722 1183 3800 triginta

109 3825 194 3883 sex,
221 3811 279 3871 hoe
301 3819 346 3873 ιιι
373 3809 550 3890 plusquam
574 3808 696 3872 dimidie
725 3827 813 3888 pars;
840 3817 869 3869 et
893 3825 952 3888 quo
981 3808 1076 3885 magis
1100 3807 1184 3870 exsul.-

107 3903 220 3957 tantem
242 3913 392 3958 nnmerum
416 3896 545 3971 sentias,
569 3915 606 3958 ea
626 3897 703 3957 inter
728 3897 782 3955 hus
809 3895 890 3974 ipsos
913 3895 1119 3972 acceptissima
1142 3900 1186 3954 est
1259 3909 1261 3922 ·

107 3980 216 4060 figura,
233 3999 297 4044 oum
314 3980 462 4062 spondeus
482 3999 560 4062 pone
579 3976 815 4063 πενθημιμερῆ
834 3980 948 4060 positus
968 3979 1029 4041 ictu
1048 3980 1183 4062 proximo

9 4117 10 4120 ,
109 4068 296 4131 obscuratur.
338 4067 410 4130 Eius
432 4068 508 4130 euim
530 4068 650 4147 generis
672 4075 740 4127 snm
760 4065 894 4128 undecim
915 4083 1028 4128 uersus.
1071 4064 1184 4127 Eadem

109 4155 238 4217 autern
230 4171 407 4217 succesum
428 4154 595 4216 diuersitas.
638 4152 714 4216 Nam
736 4167 801 4213 cum
824 4149 905 4233 apud
926 4151 1113 4233 Propertium
1139 4148 1185 4211 le

9 4225 10 4278 ἶ
111 4240 218 4318 gitinra
239 4240 289 4303 sit
304 4257 342 4303 ea
362 4258 465 4303 sersus
492 4238 605 4320 figura,
633 4237 763 4319 quaein
786 4235 1032 4339 πενθημιμεριῖ
1057 4233 1187 4298 fortissi-

112 4343 188 4389 mern
215 4327 308 4392 hebet
338 4325 574 4412 percussionem,
601 4324 746 4388 infirmior
773 4322 830 4386 illa
857 4315 941 4384 κατὰ
969 4313 1081 4406 spicue
1108 4339 1194 4405 epo
