2834 4972
226 361 277 438 52
538 367 731 426 Quaestionum
750 367 831 422 Liber
849 369 991 423 secundus.

225 545 338 626 antiqui
366 542 475 608 secutis
503 558 524 603 a
549 548 643 604 metro
657 587 659 592 .
673 537 792 618 utique,
822 543 856 599 ut
883 533 1024 612 diximus,
1053 531 1220 618 disquisitio
1249 545 1293 602 est

226 629 379 696 ordienda.

326 715 485 780 heroicum
514 711 591 774 euim
621 726 737 773 uersum
770 703 854 770 uides
873 719 874 723 ’
891 706 1036 785 integrum
1070 723 1134 769 cum
1169 707 1290 771 alterius

225 798 471 885 πενθημιμερεῐ
489 799 626 872 iunctum,
647 793 727 875 quod
743 792 799 868 bis,
822 793 1050 873 properantibus
1072 793 1102 854 iu
1119 792 1175 856 hue
1189 793 1293 870 modis,

225 905 382 966 recurrens
404 886 523 947 multum
545 883 635 945 demit
656 880 693 942 de
714 877 865 960 aequabili
886 877 956 951 iila,
981 885 1013 940 ut
1033 878 1077 940 ita
1098 877 1210 956 dicam,
1232 898 1293 942 ma-

224 973 341 1048 iestate,
363 990 448 1053 mam
466 970 497 1031 in
515 969 600 1050 opica
618 966 704 1048 poesi
725 964 912 1026 admiramur.
956 964 1030 1028 Huic
1047 965 1159 1044 speciei
1179 982 1292 1029 accum-

224 1057 363 1121 modatae
391 1055 528 1120 carminis
557 1053 698 1132 origines.
740 1049 814 1112 Nam
841 1048 944 1124 iones,
973 1049 1025 1129 qui
1053 1051 1179 1113 omnium
1206 1051 1291 1131 primi

196 1191 199 1198 ,
225 1142 259 1207 id
286 1145 477 1217 inuenerunt,
509 1134 722 1219 perscribendo
750 1142 917 1198 contractas
944 1135 1024 1198 uitae
1051 1153 1124 1198 suae
1151 1138 1290 1212 rationes,

225 1237 345 1293 teneros
365 1227 487 1291 affectus
504 1242 599 1306 caque
620 1221 719 1288 studia
740 1221 847 1296 omnia,
868 1219 973 1300 quibus
995 1239 1069 1302 prae
1090 1224 1197 1284 ceteris
1219 1240 1292 1301 gen-

225 1316 304 1378 tibus
329 1314 422 1377 dediti
450 1311 535 1374 dulce
564 1310 654 1373 otium
680 1307 840 1385 degerent,
867 1307 964 1386 impar
989 1307 1132 1370 habuisse
1158 1307 1292 1371 uidentur

224 1400 344 1483 plenum
367 1397 442 1462 illud
462 1395 628 1461 hexametri
655 1389 871 1474 quodammodo
892 1392 1008 1454 humen.
1052 1391 1210 1457 contracto
1235 1395 1293 1472 igi-

224 1495 274 1550 tur
306 1503 370 1548 cum
405 1483 554 1548 sententiis
586 1497 722 1544 versuum
757 1477 868 1542 ambitu
901 1493 1019 1541 carmen
1052 1488 1292 1559 procreaverunt,

225 1570 306 1654 qnod
331 1571 493 1634 minoribus
521 1565 701 1646 argumentis
726 1560 974 1636 accommodatius
995 1581 1061 1626 esse
1088 1565 1137 1628 uel
1165 1568 1292 1629 seriores

224 1665 334 1740 poetae
351 1674 411 1720 non
427 1654 515 1718 modo
531 1651 749 1728 intellexerunt,
769 1647 822 1713 sed
840 1649 928 1712 etiam
946 1651 1184 1731 pronuntiarunt.
1220 1653 1292 1716 Nam

227 1742 313 1812 Ouid.
335 1743 416 1808 Fast.
437 1729 483 1817 112
507 1741 596 1803 ltu:

431 1857 500 1923 Quid
515 1857 587 1908 uolat
606 1853 709 1908 demens
725 1855 828 1922 eteqis
846 1853 978 1920 imponere
995 1859 1094 1908 tantum

427 1992 444 2013 'D
459 1921 608 1978 Pondert's.²
624 1923 723 1977 heroi
740 1939 796 1976 res
812 1929 888 1976 erat
910 1924 985 2006 isto
1001 1925 1084 1991 pedis.

222 2052 300 2119 iiiuc
329 2048 461 2130 exigui
492 2046 571 2128 elegi
600 2043 679 2129 apud
706 2047 812 2109 Horat.
839 2047 875 2108 A.
896 2043 931 2108 P.
953 2049 1006 2109 77.
1045 2047 1132 2111 Ouid.
1158 2049 1249 2111 Amm.
1271 2047 1294 2124 1,

223 2143 254 2214 l,
268 2141 319 2202 19.
340 2137 423 2211 11,t,
440 2138 505 2198 ab:
530 2134 632 2214 elegi
652 2132 769 2196 leues.
815 2131 929 2208 Quibus
951 2131 990 2195 ci.
1012 2150 1089 2213 quae
1112 2133 1152 2196 de
1166 2135 1301 2198 Alexan·

222 2223 374 2288 drinorum
396 2220 500 2300 elegiis
521 2219 714 2301 aPropertiu
738 2218 888 2299 expressis
910 2215 1122 2298 disputavimus
1143 2237 1168 2283 c.
1187 2224 1217 2285 i.

326 2321 422 2386 Simul
442 2331 540 2384 sutem
563 2322 672 2403 optime
694 2318 823 2402 quadrat
843 2335 908 2382 cum
931 2319 993 2382 cius
1015 2325 1161 2403 poematis
1184 2323 1292 2398 indole,
1318 2308 1321 2322 ’

222 2425 283 2491 quc
311 2407 492 2478 nouaclum
521 2414 612 2489 poeto
647 2419 696 2470 res
730 2415 815 2470 extra
846 2422 879 2468 se
907 2406 1021 2487 positas
1053 2411 1210 2492 persequi,
1240 2408 1292 2472 sed

223 2496 312 2559 etiam
334 2491 522 2575 quomodo
550 2493 635 2573 ipso
662 2491 777 2555 rebus
803 2492 983 2557 externis
1010 2493 1219 2559 afficiatur
1241 2515 1291 2559 ex-

222 2598 338 2664 ponere
362 2579 444 2642 uelit.
488 2579 527 2643 Ut
552 2579 630 2641 enim
651 2577 823 2655 distichum,
849 2578 953 2660 priore
973 2595 1059 2641 uersu
1080 2580 1161 2645 elato
1183 2583 1291 2662 impetu

224 2667 311 2749 quusi
338 2664 509 2728 carceribus
537 2665 661 2740 emisso,
688 2663 855 2728 breuiorem
884 2681 939 2746 per
967 2665 1068 2726 orbem
1089 2667 1120 2727 in
1143 2685 1176 2730 sc
1197 2669 1290 2749 ipsum

222 2751 368 2827 recurrit,
395 2751 439 2814 sic
466 2758 557 2832 poeta
583 2752 717 2812 omnibus
747 2751 880 2813 humanis
908 2748 1073 2830 diuinisque
1104 2755 1193 2815 rebus
1222 2771 1291 2834 per·

222 2837 357 2901 lustratis
382 2837 414 2899 in
435 2855 518 2898 suum
538 2835 632 2916 ipsius
656 2845 758 2917 pectus
778 2838 944 2900 reuertitur.
986 2836 1062 2897 Hinc
1086 2837 1145 2898 iam
1168 2845 1291 2919 apparet

220 2923 271 3000 id,
301 2921 382 3005 quod
401 2921 610 3002 Bernhardyus
635 2923 667 2982 in
694 2939 822 2985 censura
848 2922 948 3002 operis
976 2922 1136 2985 0sauniani
1169 2924 1289 3005 (Suppi.

222 3009 374 3092 Ephcmm.
394 3007 450 3071 litt.
471 3007 551 3070 Hali.
575 3027 604 3070 n.
625 3010 694 3070 113.
718 3005 790 3069 Dec.
813 3010 906 3072 1836.
927 3026 957 3088 p.
978 3006 1068 3086 908.)
1093 3019 1175 3072 reete
1198 3011 1291 3073 aduc-

223 3096 314 3171 tauit,
340 3092 448 3156 nudum
477 3093 541 3155 sine
568 3093 739 3154 hexametro
766 3101 977 3173 pentametrum
1001 3093 1077 3155 ferri
1105 3112 1290 3176 nequaquam

223 3197 314 3262 posse
338 3179 496 3258 sensuique
522 3179 647 3239 humano
675 3179 871 3254 contrarium,
897 3177 1055 3241 absurdum
1079 3189 1107 3242 et
1134 3181 1290 3244 ridiculum

222 3266 386 3329 excitorum
412 3280 478 3326 csse
506 3262 686 3344 syllabarum
715 3264 877 3346 strepitum.
921 3263 1034 3329 Contra
1061 3282 1124 3327 cum
1150 3265 1290 3348 longiore

220 3350 354 3424 iunctus,
381 3343 449 3411 durn
470 3350 561 3412 multo
585 3347 691 3411 fortius
721 3350 881 3413 sententias
905 3348 1017 3414 claudit
1046 3351 1229 3434 alteramque
1252 3352 1289 3416 ab

221 3437 320 3500 altera
341 3443 494 3514 segregat,
514 3442 635 3496 metrum
652 3433 742 3497 efficit
761 3433 886 3498 medium
904 3437 1108 3518 interpositum
1123 3438 1201 3501 inter
1220 3457 1289 3502 con-

220 3523 332 3587 tinuum
353 3521 469 3584 heroici
495 3537 597 3582 versus
621 3529 753 3584 tenorem
778 3529 807 3584 et
834 3533 1042 3604 properantem
1064 3521 1187 3588 melicae
1214 3535 1291 3589 stro·

220 3609 299 3691 phac
327 3608 516 3681 uarietatem,
545 3605 625 3688 quod
653 3607 747 3688 ipsum
774 3606 833 3669 iam
862 3609 1012 3688 stropham
1038 3607 1150 3670 dixeris
1181 3609 1290 3675 minimi

218 3695 357 3757 ambitus.
399 3691 485 3756 Unde
503 3692 683 3772 Hephaestio
701 3691 853 3756 Euchirid.
875 3712 903 3774 p.
928 3695 999 3758 115.
1038 3694 1187 3758 Gaisiord.
1209 3689 1289 3758 Σύ-

220 3795 356 3862 στημοι
377 3771 416 3840 δέ
434 3771 505 3840 ἐστι
525 3773 653 3860 μέτρων
675 3769 862 3860 συναγωγή,
885 3766 961 3860 ν’]’τοι
982 3771 1053 3840 δύο
1076 3769 1099 3862 ἢ
1118 3773 1290 3856 πλειόνων,

219 3854 388 3966 ᾓὸμοίων
409 3851 432 3944 ἢ
452 3851 629 3940 ἀνομοίων·
652 3850 818 3940 ἀνομοίων
839 3859 900 3942 μὲν
921 3853 974 3936 οἷς
994 3857 1042 3925 τὰ
1061 3858 1229 3949 ἐλεγεῖον
1249 3901 1290 3914 -

220 3943 458 4096 εἷαμένρῖυ
489 3940 553 4032 γάρ
585 3941 656 4010 ἐστι
687 3939 794 4032 πρὸς
827 3941 1111 4035 πεντάμετρον
1142 3971 1290 4014 κοινω-

220 4052 440 4096 ruma.

321 4135 407 4213 Quae
435 4132 462 4195 si
492 4141 574 4197 recte
601 4135 818 4215 perspeximus,
848 4135 1068 4214 elegiacum
1104 4153 1219 4216 genus
1250 4133 1288 4195 ah
1355 4137 1360 4180 '·

219 4221 330 4303 epico
353 4220 522 4283 carmine
552 4221 695 4298 agendi
720 4238 970 4302 progressus,
1002 4221 1187 4301 alyrico‚
1211 4217 1290 4300 quod

215 4308 340 4390 proprie
361 4306 471 4385 dicunt,
493 4306 661 4370 commoti
682 4308 797 4372 animi
818 4325 949 4370 sensus
969 4324 1029 4370 non
1047 4317 1109 4372 'tam
1130 4316 1287 4372 mutuatum
