2834 4972
412 363 502 436 Capul
518 363 542 424 1.
581 365 626 422 De
643 365 729 438 patrie
745 363 889 439 Propertii.

13 519 14 556 ³
115 544 222 623 poetae
248 537 423 618 germanica
442 537 578 621 llispcllo
600 537 755 604 oriundum
773 516 961 624 Propertium
986 541 1089 624 paullo
1112 560 1182 606 con·
1275 603 1278 608 ,

116 625 252 688 fidentius
273 625 541 704 pronuntiaremus.
585 626 767 708 Quamquam
788 645 846 692 uon
865 645 1020 707 negamus,
1041 631 1183 693 maiorem

13 735 15 742 ’
118 728 219 774 eornm
239 720 355 792 partem
373 710 421 775 vel
448 720 529 774 certe
551 729 603 788 ea,
628 731 705 794 quae
727 722 833 776 contra
851 714 1003 778 Albertum
1023 714 1184 796 protuleri-

13 849 14 862 .
118 815 197 872 mus,
220 799 310 860 etiam
330 798 361 861 in
379 796 507 861 Asisium
527 797 644 874 valere,
671 815 728 881 pro
746 799 803 861 boo
823 799 889 880 ipso
909 808 1005 862 autem
1025 811 1204 882 praeterea¹

117 883 211 946 multa
242 883 345 946 lacere
375 890 565 962 argumenta,
595 901 672 964 quae
701 893 770 948 tnnc
802 883 929 954 nondum
963 886 1184 950 invenissemus.

116 970 247 1034 Primum
270 971 346 1032 enim
367 969 454 1033 Asis
478 970 584 1032 montis
605 972 857 1044 commemoratio,
884 970 962 1034 unde
982 974 1109 1036 Asisium
1131 989 1187 1036 uo·

116 1073 184 1118 uren
215 1057 367 1136 accepisse
392 1055 543 1130 videatur,
571 1055 666 1135 magis
695 1054 736 1118 ad
763 1055 986 1136 significandum
1013 1059 1070 1122 boc
1097 1077 1185 1140 quam

116 1139 195 1202 illud
228 1141 367 1224 oppidum
397 1141 489 1204 inerit
521 1143 655 1223 propria.
705 1141 806 1204 Asim
835 1143 928 1218 enim,
964 1143 1044 1224 quod
1078 1162 1185 1208 nomeu

117 1227 245 1309 optimus
275 1229 399 1308 quisque
419 1225 507 1290 codd.
530 1246 598 1290 mss.
622 1227 757 1304 exbibet,
784 1235 815 1292 et
838 1229 887 1294 vel
915 1229 1079 1294 deteriores
1108 1231 1184 1312 ipsis

58 1305 63 1318 ’
118 1313 273 1376 erroribus
293 1312 387 1375 inisse
408 1315 439 1376 in
459 1315 606 1377 veteribus
629 1313 845 1396 exemplaribus
872 1314 982 1377 clarius
1005 1327 1056 1382 aut
1077 1317 1184 1380 obscu*

118 1399 181 1463 rius
203 1397 350 1476 iudicant,
369 1398 451 1461 Asim
473 1408 569 1462 autem
589 1399 691 1479 iugum
711 1397 786 1462 illud
806 1410 940 1466 vocatum
964 1419 1046 1478 esse,
1072 1403 1182 1483 inquo

117 1493 148 1547 et
172 1484 339 1566 Hispellum
368 1492 397 1547 et
416 1485 544 1550 Asisium
569 1485 656 1550 situm
685 1493 776 1563 esset,
804 1501 842 1548 ex
868 1485 906 1548 iis
930 1506 1008 1568 quae
1033 1491 1185 1568 bucusque

116 1568 330 1652 disputavimus
357 1570 430 1634 satis
457 1571 547 1635 credo
572 1569 757 1655 apparuisse.
807 1571 910 1654 Neque
932 1575 1022 1649 enim,
1050 1573 1130 1655 quod
1152 1575 1185 1636 in

115 1665 182 1720 tota
211 1657 388 1738 antiquitate
415 1657 463 1720 bio
498 1657 593 1722 solum
620 1665 758 1734 occurat,
790 1657 847 1720 boo
881 1657 930 1722 illi
961 1659 1055 1739 magis
1082 1659 1184 1722 fraudi

114 1742 225 1819 luerit,
248 1761 335 1824 quam
355 1741 478 1806 cuilibet
496 1744 550 1806 alii
570 1743 705 1822 regioni,
726 1738 808 1808 cuins
830 1753 955 1828 propter
976 1747 1186 1811 obscuritatem

114 1829 164 1892 bis
186 1830 315 1894 semelve
333 1831 443 1893 mentio
460 1827 523 1894 fiat.
565 1829 633 1894 llisi
650 1829 730 1894 lorte
751 1831 789 1894 ob
807 1829 931 1893 eandem
951 1848 1069 1895 causam
1090 1832 1186 1915 ipsum

116 1915 286 1978 Asisium
321 1924 408 1979 ante
434 1915 694 1980 Ptolemaeum
723 1916 761 1978 in
794 1933 914 1980 rerum
946 1928 1083 1983 natura
1114 1934 1185 1983 uon

115 2000 252 2077 fuisse,
279 1999 403 2065 Alberto
426 1997 470 2083 (p.
489 2004 562 2066 218.
583 2001 663 2084 sqq.)
685 2001 801 2066 credas.
852 2004 1034 2085 Quamquam
1055 2005 1104 2067 bic
1125 2020 1186 2068 non

115 2085 206 2150 modo
231 2096 354 2168 argutus
375 2095 420 2152 est
441 2089 494 2150 seul
516 2087 604 2150 etiarn
625 2086 760 2151 mendax.
803 2089 878 2153 Nam
900 2091 950 2171 qni
971 2091 1184 2154 Asirinates

115 2191 138 2236 a
155 2173 255 2237 Plinio
283 2173 471 2256 appellantur
496 2175 637 2239 Umbriae
663 2173 805 2255 oppidani
830 2175 910 2251 (Nat.
930 2176 1006 2239 Hist.
1026 2175 1187 2254 111,‚19.),

116 2259 188 2340 quin
215 2259 305 2322 iidem
329 2261 388 2324 sint
417 2271 506 2341 atque
527 2261 748 2324 Asisiuates
778 2257 827 2332 (G.
851 2259 874 2338 l.
899 2262 1041 2326 orello.
1064 2265 1187 2339 1250.),

115 2362 202 2408 nemo
227 2344 344 2408 doctior
364 2365 491 2428 unquam
510 2345 698 2410 dubitaverit.
741 2345 817 2410 Nam
835 2346 953 2411 litteras
975 2367 990 2415 s
1012 2357 1077 2412 etr
1099 2366 1187 2428 quom
1293 2349 1300 2360 '

115 2431 156 2495 ab
186 2431 255 2494 aliis
282 2431 365 2496 ltalis
392 2441 453 2496 tum
481 2433 519 2496 ab
547 2434 665 2497 Umbris
692 2431 930 2512 frequentissime
958 2435 989 2496 in
1019 2435 1186 2498 nominibus

113 2516 261 2582 confundi
289 2519 375 2580 nimis
406 2527 452 2582 est
482 2528 591 2584 notum.
643 2517 689 2583 Gi.
710 2517 768 2582 0d.
797 2518 919 2585 Milller.
947 2520 994 2584 De
1021 2520 1138 2584 Etrusc.
1161 2519 1187 2596 l,

114 2621 148 2686 p.
170 2606 224 2667 47.
266 2603 345 2679 Nec,
365 2612 453 2687 puto,
474 2605 612 2668 Albertus
635 2601 795 2680 dubitavit;
820 2622 876 2668 neo
896 2622 968 2670 vero
990 2606 1066 2668 alias
1089 2607 1188 2668 omnia

115 2690 273 2754 rimantem
300 2691 392 2753 Plinii
418 2690 503 2754 locus
529 2691 560 2753 in
588 2689 685 2752 medio
714 2693 828 2770 positus
856 2692 941 2774 fugit.
984 2691 1045 2758 Sed
1076 2691 1113 2756 de
1142 2693 1188 2752 in-

115 2775 234 2838 dustria
255 2784 338 2838 catus
359 2776 453 2839 abbas
477 2794 542 2840 enm
569 2779 678 2853 tacuit,
705 2795 792 2857 quum
811 2776 885 2839 illud
913 2787 1036 2858 ageret,
1062 2788 1095 2841 ut
1119 2777 1188 2838 Asi-

116 2861 193 2923 sium
214 2861 367 2944 Propertii
393 2870 492 2926 aetate
518 2881 661 2944 nosquam
687 2862 780 2925 luisse
807 2863 910 2943 quovis
938 2865 1037 2945 pretio
1067 2861 1188 2926 demon·

64 3011 72 3033 x
116 2956 239 3012 straret.
281 2947 345 3011 Nos
368 2965 440 3011 vero
467 2949 494 3010 si
514 2949 589 3011 illud
611 2947 766 3032 oppidum,
788 2949 918 3029 quamvis
940 2966 1036 3030 neque
1060 2967 1079 3012 a
1100 2949 1186 3012 Stra-

116 3032 197 3096 bone
218 3051 316 3114 ueqne
338 3052 357 3096 a
376 3035 452 3098 Silio
473 3044 727 3099 commemoratum
752 3051 849 3115 neque
876 3033 952 3096 adeo
973 3054 992 3098 a
1009 3035 1107 3098 Plinio
1128 3034 1187 3095 nisi

114 3119 282 3182 incolarum
309 3121 427 3182 nomine
452 3122 648 3202 appellatum,
669 3120 857 3184 nibilominus
884 3120 976 3186 luisse
997 3139 1033 3184 eo
1053 3130 1187 3202 tempore

117 3222 224 3270 secure
246 3205 440 3269 alirmamus:
463 3206 535 3288 quid
550 3209 631 3272 Asim
650 3207 799 3283 mentem?
822 3207 888 3288 qui,
911 3226 998 3289 quum
1017 3217 1134 3272 veteres
1155 3206 1188 3268 iu

118 3291 326 3355 enumerandis
353 3293 492 3356 montium
518 3302 548 3357 et
574 3291 730 3374 regionbrn
757 3294 922 3356 nominibus
948 3294 1040 3357 multo
1071 3293 1189 3356 soleant

116 3377 310 3440 socordiores
339 3395 405 3442 esse
433 3396 519 3459 quam
543 3379 576 3441 in
603 3379 779 3472 oppidorum
800 3381 984 3459 gentiumne,
1007 3377 1057 3444 vel
1079 3398 1099 3442 a
1118 3378 1188 3442 dili·

115 3465 292 3542 gentissimo
319 3465 495 3547 geographo
522 3466 587 3527 sine
613 3467 734 3530 crimine
763 3466 857 3528 omitti
880 3468 992 3547 potuit,
1019 3482 1074 3528 nec
1103 3473 1185 3528 certe

116 3567 139 3612 a
155 3550 313 3632 Propertio
336 3559 415 3613 esset
431 3550 609 3636 nominatus,
629 3553 686 3614 uisi
707 3552 738 3614 in
758 3537 875 3632 pate'rui
893 3551 951 3614 soli
972 3551 1184 3632 descriptione.

114 3637 157 3700 Ar
176 3653 215 3698 ne
235 3652 312 3698 nunc
329 3634 446 3716 quidem
464 3636 543 3718 apud
564 3637 683 3700 accolas
705 3638 767 3700 eins
789 3646 900 3706 tractus
921 3637 1039 3719 pristini
1057 3637 1184 3699 nominis

116 3721 247 3801 vestigia
273 3738 398 3803 prorsus
420 3721 555 3788 videntur
577 3724 740 3787 evanuisse.
783 3723 968 3787 Subasins
992 3724 1068 3787 enim
1089 3723 1182 3786 saltus

13 3855 14 3862 ,
114 3817 258 3882 vocatur,
286 3825 342 3870 uec
368 3807 412 3870 ita
437 3807 553 3890 pridem
576 3811 663 3871 etiarn
684 3809 798 3871 Asius
823 3810 936 3890 (Pasiu.
958 3811 989 3872 in
1010 3809 1183 3874 vocabular.

113 3890 204 3954 latin.
225 3893 256 3955 in
278 3892 406 3974 append.
426 3894 483 3957 litt.
505 3894 906 3960 As.aoanteA1oen01.1.
928 3913 957 3976 p.
977 3895 1075 3974 235),
1097 3911 1184 3977 qoam
1206 3954 1209 3958 .

113 3977 243 4040 sormam
268 3979 403 4058 proxime
429 3981 536 4043 abesse
557 3981 595 4042 ab
615 3981 681 4044 Asi
705 3981 872 4062 Propertii,
902 3983 968 4062 quis
989 3992 1111 4063 praeter
1131 3979 1186 4044 Al·

114 4063 233 4126 bertum
262 4073 308 4128 est
340 4067 410 4144 quin
442 4067 573 4132 sentiatl
628 4065 709 4129 Illud
740 4084 812 4131 vero
845 4068 945 4131 festivi
975 4068 1102 4130 bominis
1131 4065 1186 4126 do-

115 4149 181 4218 bito
208 4168 246 4212 an
272 4151 473 4215 suavissimum
499 4152 538 4216 sit
562 4161 766 4228 commentum,
793 4171 851 4234 quo
874 4153 932 4216 nisi
956 4154 1052 4216 sciens
1072 4153 1188 4214 iocatus

118 4245 175 4312 est,
196 4235 378 4298 reconditam
394 4237 482 4318 plane
502 4237 605 4320 prodit
622 4241 669 4301 rei
688 4237 898 4320 diplomaticae
915 4238 1088 4311 doctrinam,
1109 4233 1189 4316 quod

117 4337 152 4402 p.
172 4323 248 4386 241.
270 4339 341 4400 eos,
367 4323 420 4405 qui
444 4324 533 4388 Asis
565 4340 622 4407 pro
649 4327 767 4389 nomine
796 4343 827 4408 q.
848 4325 876 4388 d.
896 4325 1021 4408 proprio
1049 4323 1191 4396 babeant,
