<?xml version="1.0" encoding="UTF-8"?>
<!DOCTYPE html PUBLIC "-//W3C//DTD XHTML 1.0 Transitional//EN"
    "http://www.w3.org/TR/xhtml1/DTD/xhtml1-transitional.dtd">
<html xmlns="http://www.w3.org/1999/xhtml" xml:lang="en" lang="en">
 <head>
  <title>
</title>
<meta http-equiv="Content-Type" content="text/html;charset=utf-8" />
  <meta name='ocr-system' content='tesseract 3.04.00' />
  <meta name='ocr-capabilities' content='ocr_page ocr_carea ocr_par ocr_line ocrx_word'/>
</head>
<body>
  <div class='ocr_page' id='page_1' title='image "./sexaureliiprope02propgoog_0354.png"; bbox 0 0 2848 4972; ppageno 0'>
   <div class='ocr_carea' id='block_1_1' title="bbox 230 325 1032 416">
    <p class='ocr_par' dir='ltr' id='par_1_1' title="bbox 230 325 1032 416">
     <span class='ocr_line' id='line_1_1' title="bbox 230 325 1032 416; baseline -0.021 -9"><span class='ocrx_word' id='word_1_1' title='bbox 230 339 275 409; x_wconf 80' lang='lat' dir='ltr'><strong>aa</strong></span> <span class='ocrx_word' id='word_1_2' title='bbox 546 325 1032 416; x_wconf 54' lang='lat' dir='ltr'><strong>unornamrnnnaa,</strong></span> 
     </span>
    </p>
   </div>
   <div class='ocr_carea' id='block_1_2' title="bbox 276 496 1167 706">
    <p class='ocr_par' dir='ltr' id='par_1_2' title="bbox 276 496 1167 706">
     <span class='ocr_line' id='line_1_2' title="bbox 276 496 1167 590; baseline -0.009 -18"><span class='ocrx_word' id='word_1_3' title='bbox 276 500 353 572; x_wconf 87' lang='lat' dir='ltr'><strong>Hoc</strong></span> <span class='ocrx_word' id='word_1_4' title='bbox 371 501 432 570; x_wconf 91' lang='lat' dir='ltr'><strong>tibi</strong></span> <span class='ocrx_word' id='word_1_5' title='bbox 453 502 509 570; x_wconf 83' lang='lat' dir='ltr'><strong>vei</strong></span> <span class='ocrx_word' id='word_1_6' title='bbox 531 505 668 590; x_wconf 83' lang='lat' dir='ltr'><strong>poterit,</strong></span> <span class='ocrx_word' id='word_1_7' title='bbox 689 503 849 583; x_wconf 84' lang='lat' dir='ltr'><strong>coniunx,</strong></span> <span class='ocrx_word' id='word_1_8' title='bbox 869 500 1047 587; x_wconf 79' lang='lat' dir='ltr'><strong>ignoscere</strong></span> <span class='ocrx_word' id='word_1_9' title='bbox 1068 496 1167 568; x_wconf 75' lang='lat' dir='ltr'><strong>lunoz</strong></span> 
     </span>
     <span class='ocr_line' id='line_1_3' title="bbox 321 601 1065 706; baseline -0.008 -32"><span class='ocrx_word' id='word_1_10' title='bbox 321 607 502 694; x_wconf 78' lang='lat' dir='ltr'><strong>Frangitur</strong></span> <span class='ocrx_word' id='word_1_11' title='bbox 523 613 559 674; x_wconf 90' lang='lat' dir='ltr'><strong>et</strong></span> <span class='ocrx_word' id='word_1_12' title='bbox 577 605 680 706; x_wconf 70' lang='lat' dir='ltr'><strong>luno,</strong></span> <span class='ocrx_word' id='word_1_13' title='bbox 699 607 730 672; x_wconf 92' lang='lat' dir='ltr'><strong>si</strong></span> <span class='ocrx_word' id='word_1_14' title='bbox 752 621 818 692; x_wconf 91' lang='lat' dir='ltr'><strong>qua</strong></span> <span class='ocrx_word' id='word_1_15' title='bbox 839 601 949 691; x_wconf 89' lang='lat' dir='ltr'><strong>puella</strong></span> <span class='ocrx_word' id='word_1_16' title='bbox 970 602 1065 688; x_wconf 90' lang='lat' dir='ltr'><strong>perit.</strong></span> 
     </span>
    </p>
   </div>
   <div class='ocr_carea' id='block_1_3' title="bbox 637 729 907 820">
    <p class='ocr_par' dir='ltr' id='par_1_3' title="bbox 637 729 907 820">
     <span class='ocr_line' id='line_1_4' title="bbox 637 729 907 820; baseline -0.022 -36"><span class='ocrx_word' id='word_1_17' title='bbox 637 729 907 820; x_wconf 58' lang='lat' dir='ltr'><strong>**P</strong></span> 
     </span>
    </p>
   </div>
   <div class='ocr_carea' id='block_1_4' title="bbox 207 855 1241 2100">
    <p class='ocr_par' dir='ltr' id='par_1_4' title="bbox 207 855 1241 2100">
     <span class='ocr_line' id='line_1_5' title="bbox 238 855 1127 971; baseline 0 -29"><span class='ocrx_word' id='word_1_18' title='bbox 238 887 266 936; x_wconf 60' lang='grc' dir='ltr'><strong>ἥ</strong></span> <span class='ocrx_word' id='word_1_19' title='bbox 282 855 472 949; x_wconf 80' lang='lat' dir='ltr'><strong>Deficiunt</strong></span> <span class='ocrx_word' id='word_1_20' title='bbox 492 882 621 971; x_wconf 83' lang='lat' dir='ltr'><strong>magico</strong></span> <span class='ocrx_word' id='word_1_21' title='bbox 641 881 718 948; x_wconf 85' lang='lat' dir='ltr'><strong>torti</strong></span> <span class='ocrx_word' id='word_1_22' title='bbox 740 878 802 945; x_wconf 80' lang='lat' dir='ltr'><strong>surb</strong></span> <span class='ocrx_word' id='word_1_23' title='bbox 824 876 970 944; x_wconf 76' lang='lat' dir='ltr'><strong>carmine</strong></span> <span class='ocrx_word' id='word_1_24' title='bbox 991 873 1127 960; x_wconf 87' lang='lat' dir='ltr'><strong>rhombi,</strong></span> 
     </span>
     <span class='ocr_line' id='line_1_6' title="bbox 324 977 1031 1062; baseline -0.007 -15"><span class='ocrx_word' id='word_1_25' title='bbox 324 977 373 1048; x_wconf 83' lang='lat' dir='ltr'><strong>Et</strong></span> <span class='ocrx_word' id='word_1_26' title='bbox 393 984 481 1050; x_wconf 89' lang='lat' dir='ltr'><strong>iacet</strong></span> <span class='ocrx_word' id='word_1_27' title='bbox 501 987 646 1052; x_wconf 86' lang='lat' dir='ltr'><strong>extincto</strong></span> <span class='ocrx_word' id='word_1_28' title='bbox 666 983 780 1048; x_wconf 86' lang='lat' dir='ltr'><strong>laurus</strong></span> <span class='ocrx_word' id='word_1_29' title='bbox 803 977 925 1046; x_wconf 88' lang='lat' dir='ltr'><strong>adusta</strong></span> <span class='ocrx_word' id='word_1_30' title='bbox 945 978 1031 1062; x_wconf 86' lang='lat' dir='ltr'><strong>ioco,</strong></span> 
     </span>
     <span class='ocr_line' id='line_1_7' title="bbox 282 1077 1209 1176; baseline -0.003 -28"><span class='ocrx_word' id='word_1_31' title='bbox 282 1077 417 1151; x_wconf 86' lang='lat' dir='ltr'><strong>Etiam</strong></span> <span class='ocrx_word' id='word_1_32' title='bbox 439 1088 535 1153; x_wconf 84' lang='lat' dir='ltr'><strong>Luna</strong></span> <span class='ocrx_word' id='word_1_33' title='bbox 555 1093 659 1176; x_wconf 84' lang='lat' dir='ltr'><strong>negat</strong></span> <span class='ocrx_word' id='word_1_34' title='bbox 679 1088 802 1153; x_wconf 86' lang='lat' dir='ltr'><strong>totiens</strong></span> <span class='ocrx_word' id='word_1_35' title='bbox 823 1080 1029 1149; x_wconf 85' lang='lat' dir='ltr'><strong>descendere</strong></span> <span class='ocrx_word' id='word_1_36' title='bbox 1050 1078 1156 1164; x_wconf 90' lang='lat' dir='ltr'><strong>caelo,</strong></span> <span class='ocrx_word' id='word_1_37' title='bbox 1203 1114 1209 1129; x_wconf 88' lang='lat'><strong>·</strong></span> 
     </span>
     <span class='ocr_line' id='line_1_8' title="bbox 322 1186 1065 1278; baseline -0.004 -26"><span class='ocrx_word' id='word_1_38' title='bbox 322 1187 496 1278; x_wconf 82' lang='lat' dir='ltr'><strong>Nigraqne</strong></span> <span class='ocrx_word' id='word_1_39' title='bbox 515 1191 681 1258; x_wconf 87' lang='lat' dir='ltr'><strong>funestum</strong></span> <span class='ocrx_word' id='word_1_40' title='bbox 701 1190 843 1257; x_wconf 87' lang='lat' dir='ltr'><strong>concinit</strong></span> <span class='ocrx_word' id='word_1_41' title='bbox 864 1204 958 1254; x_wconf 91' lang='lat' dir='ltr'><strong>omen</strong></span> <span class='ocrx_word' id='word_1_42' title='bbox 978 1186 1065 1250; x_wconf 83' lang='lat' dir='ltr'><strong>auis.</strong></span> 
     </span>
     <span class='ocr_line' id='line_1_9' title="bbox 282 1287 1018 1378; baseline -0.005 -20"><span class='ocrx_word' id='word_1_43' title='bbox 282 1287 359 1358; x_wconf 85' lang='lat' dir='ltr'><strong>Una</strong></span> <span class='ocrx_word' id='word_1_44' title='bbox 379 1295 463 1360; x_wconf 84' lang='lat' dir='ltr'><strong>ratis</strong></span> <span class='ocrx_word' id='word_1_45' title='bbox 484 1294 546 1361; x_wconf 79' lang='lat' dir='ltr'><strong>fati</strong></span> <span class='ocrx_word' id='word_1_46' title='bbox 564 1302 698 1361; x_wconf 87' lang='lat' dir='ltr'><strong>nostros</strong></span> <span class='ocrx_word' id='word_1_47' title='bbox 720 1292 864 1378; x_wconf 85' lang='lat' dir='ltr'><strong>portabit</strong></span> <span class='ocrx_word' id='word_1_48' title='bbox 885 1305 1018 1356; x_wconf 90' lang='lat' dir='ltr'><strong>amores</strong></span> 
     </span>
     <span class='ocr_line' id='line_1_10' title="bbox 236 1389 1012 1464; baseline -0.005 -4"><span class='ocrx_word' id='word_1_49' title='bbox 236 1401 265 1450; x_wconf 60' lang='grc' dir='ltr'><strong><em>Β</em></strong></span> <span class='ocrx_word' id='word_1_50' title='bbox 323 1389 466 1462; x_wconf 80' lang='lat' dir='ltr'><strong>Caerula</strong></span> <span class='ocrx_word' id='word_1_51' title='bbox 489 1395 532 1463; x_wconf 90' lang='lat' dir='ltr'><strong>ad</strong></span> <span class='ocrx_word' id='word_1_52' title='bbox 552 1398 700 1464; x_wconf 86' lang='lat' dir='ltr'><strong>infernos</strong></span> <span class='ocrx_word' id='word_1_53' title='bbox 721 1395 887 1462; x_wconf 85' lang='lat' dir='ltr'><strong>velificata</strong></span> <span class='ocrx_word' id='word_1_54' title='bbox 907 1393 1012 1458; x_wconf 87' lang='lat' dir='ltr'><strong>lacos.</strong></span> 
     </span>
     <span class='ocr_line' id='line_1_11' title="bbox 280 1489 1056 1584; baseline -0.008 -22"><span class='ocrx_word' id='word_1_55' title='bbox 280 1489 322 1562; x_wconf 79' lang='lat' dir='ltr'><strong>Si</strong></span> <span class='ocrx_word' id='word_1_56' title='bbox 343 1513 407 1561; x_wconf 94' lang='lat' dir='ltr'><strong>non</strong></span> <span class='ocrx_word' id='word_1_57' title='bbox 429 1500 541 1584; x_wconf 87' lang='lat' dir='ltr'><strong>nnius,</strong></span> <span class='ocrx_word' id='word_1_58' title='bbox 567 1517 711 1584; x_wconf 84' lang='lat' dir='ltr'><strong>quaeso,</strong></span> <span class='ocrx_word' id='word_1_59' title='bbox 730 1498 889 1562; x_wconf 84' lang='lat' dir='ltr'><strong>miserere</strong></span> <span class='ocrx_word' id='word_1_60' title='bbox 911 1492 1056 1558; x_wconf 88' lang='lat' dir='ltr'><strong>duorum.</strong></span> 
     </span>
     <span class='ocr_line' id='line_1_12' title="bbox 323 1593 1057 1682; baseline -0.004 -22"><span class='ocrx_word' id='word_1_61' title='bbox 323 1593 460 1682; x_wconf 88' lang='lat' dir='ltr'><strong>Vivam,</strong></span> <span class='ocrx_word' id='word_1_62' title='bbox 481 1601 512 1666; x_wconf 86' lang='lat' dir='ltr'><strong>si</strong></span> <span class='ocrx_word' id='word_1_63' title='bbox 532 1600 642 1666; x_wconf 84' lang='lat' dir='ltr'><strong>vivet:</strong></span> <span class='ocrx_word' id='word_1_64' title='bbox 663 1601 695 1666; x_wconf 87' lang='lat' dir='ltr'><strong>si</strong></span> <span class='ocrx_word' id='word_1_65' title='bbox 715 1595 814 1664; x_wconf 89' lang='lat' dir='ltr'><strong>cadet</strong></span> <span class='ocrx_word' id='word_1_66' title='bbox 835 1595 909 1677; x_wconf 89' lang='lat' dir='ltr'><strong>iila,</strong></span> <span class='ocrx_word' id='word_1_67' title='bbox 932 1593 1057 1661; x_wconf 86' lang='lat' dir='ltr'><strong>cadam.</strong></span> 
     </span>
     <span class='ocr_line' id='line_1_13' title="bbox 280 1695 1147 1790; baseline -0.002 -28"><span class='ocrx_word' id='word_1_68' title='bbox 280 1695 346 1764; x_wconf 88' lang='lat' dir='ltr'><strong>Pro</strong></span> <span class='ocrx_word' id='word_1_69' title='bbox 369 1701 485 1784; x_wconf 91' lang='lat' dir='ltr'><strong>quibus</strong></span> <span class='ocrx_word' id='word_1_70' title='bbox 509 1705 632 1790; x_wconf 89' lang='lat' dir='ltr'><strong>optatis</strong></span> <span class='ocrx_word' id='word_1_71' title='bbox 654 1720 751 1768; x_wconf 85' lang='lat' dir='ltr'><strong>sacro</strong></span> <span class='ocrx_word' id='word_1_72' title='bbox 774 1709 827 1767; x_wconf 84' lang='lat' dir='ltr'><strong>me</strong></span> <span class='ocrx_word' id='word_1_73' title='bbox 848 1701 991 1766; x_wconf 92' lang='lat' dir='ltr'><strong>carmine</strong></span> <span class='ocrx_word' id='word_1_74' title='bbox 1013 1696 1147 1762; x_wconf 90' lang='lat' dir='ltr'><strong>damno:</strong></span> 
     </span>
     <span class='ocr_line' id='line_1_14' title="bbox 324 1803 1241 1898; baseline -0.009 -24"><span class='ocrx_word' id='word_1_75' title='bbox 324 1803 478 1874; x_wconf 82' lang='lat' dir='ltr'><strong>Scribam</strong></span> <span class='ocrx_word' id='word_1_76' title='bbox 501 1827 582 1898; x_wconf 84' lang='lat' dir='ltr'><strong>ego:</strong></span> <span class='ocrx_word' id='word_1_77' title='bbox 603 1829 669 1874; x_wconf 82' lang='lat' dir='ltr'><strong>nnn</strong></span> <span class='ocrx_word' id='word_1_78' title='bbox 688 1828 832 1874; x_wconf 78' lang='lat' dir='ltr'><strong>nurerum</strong></span> <span class='ocrx_word' id='word_1_79' title='bbox 854 1825 956 1871; x_wconf 78' lang='lat' dir='ltr'><strong>sanor</strong></span> <span class='ocrx_word' id='word_1_80' title='bbox 977 1823 1107 1870; x_wconf 79' lang='lat' dir='ltr'><strong>roenna</strong></span> <span class='ocrx_word' id='word_1_81' title='bbox 1129 1823 1241 1870; x_wconf 78' lang='lat' dir='ltr'><strong>norun.</strong></span> 
     </span>
     <span class='ocr_line' id='line_1_15' title="bbox 207 1901 1179 1996; baseline -0.004 -23"><span class='ocrx_word' id='word_1_82' title='bbox 207 1991 209 1996; x_wconf 23' lang='grc' dir='ltr'>Ι</span> <span class='ocrx_word' id='word_1_83' title='bbox 235 1916 263 1964; x_wconf 73' lang='lat'><strong>⁴⁵</strong></span> <span class='ocrx_word' id='word_1_84' title='bbox 279 1903 369 1972; x_wconf 86' lang='lat' dir='ltr'><strong>Ante</strong></span> <span class='ocrx_word' id='word_1_85' title='bbox 389 1915 533 1995; x_wconf 89' lang='lat' dir='ltr'><strong>tuosque</strong></span> <span class='ocrx_word' id='word_1_86' title='bbox 556 1908 660 1996; x_wconf 90' lang='lat' dir='ltr'><strong>pedes</strong></span> <span class='ocrx_word' id='word_1_87' title='bbox 680 1909 737 1974; x_wconf 89' lang='lat' dir='ltr'><strong>iila</strong></span> <span class='ocrx_word' id='word_1_88' title='bbox 758 1911 834 1994; x_wconf 90' lang='lat' dir='ltr'><strong>ipsa</strong></span> <span class='ocrx_word' id='word_1_89' title='bbox 855 1905 1015 1991; x_wconf 88' lang='lat' dir='ltr'><strong>adoperta</strong></span> <span class='ocrx_word' id='word_1_90' title='bbox 1036 1901 1179 1987; x_wconf 87' lang='lat' dir='ltr'><strong>sedebit,</strong></span> 
     </span>
     <span class='ocr_line' id='line_1_16' title="bbox 320 2009 1055 2100; baseline -0.003 -24"><span class='ocrx_word' id='word_1_91' title='bbox 320 2009 545 2100; x_wconf 83' lang='lat' dir='ltr'><strong>Narrabitque</strong></span> <span class='ocrx_word' id='word_1_92' title='bbox 566 2012 691 2080; x_wconf 91' lang='lat' dir='ltr'><strong>sedens</strong></span> <span class='ocrx_word' id='word_1_93' title='bbox 713 2013 815 2100; x_wconf 86' lang='lat' dir='ltr'><strong>longa</strong></span> <span class='ocrx_word' id='word_1_94' title='bbox 837 2009 961 2097; x_wconf 91' lang='lat' dir='ltr'><strong>pericla</strong></span> <span class='ocrx_word' id='word_1_95' title='bbox 983 2023 1055 2074; x_wconf 87' lang='lat' dir='ltr'><strong>sua.</strong></span> 
     </span>
    </p>
   </div>
   <div class='ocr_carea' id='block_1_5' title="bbox 631 2138 906 2228">
    <p class='ocr_par' dir='ltr' id='par_1_5' title="bbox 631 2138 906 2228">
     <span class='ocr_line' id='line_1_17' title="bbox 631 2138 906 2228; baseline -0.015 -38"><span class='ocrx_word' id='word_1_96' title='bbox 631 2138 906 2228; x_wconf 49' lang='lat'><strong>*3*</strong></span> 
     </span>
    </p>
   </div>
   <div class='ocr_carea' id='block_1_6' title="bbox 277 2264 1259 2474">
    <p class='ocr_par' dir='ltr' id='par_1_6' title="bbox 277 2264 1259 2474">
     <span class='ocr_line' id='line_1_18' title="bbox 277 2264 1259 2374; baseline -0.003 -21"><span class='ocrx_word' id='word_1_97' title='bbox 277 2264 402 2353; x_wconf 76' lang='lat' dir='ltr'><strong>llaec</strong></span> <span class='ocrx_word' id='word_1_98' title='bbox 421 2290 495 2368; x_wconf 92' lang='lat' dir='ltr'><strong>tua,</strong></span> <span class='ocrx_word' id='word_1_99' title='bbox 515 2285 748 2374; x_wconf 86' lang='lat' dir='ltr'><strong>Persephone,</strong></span> <span class='ocrx_word' id='word_1_100' title='bbox 767 2289 902 2353; x_wconf 90' lang='lat' dir='ltr'><strong>maneat</strong></span> <span class='ocrx_word' id='word_1_101' title='bbox 920 2282 1113 2368; x_wconf 87' lang='lat' dir='ltr'><strong>clementia,</strong></span> <span class='ocrx_word' id='word_1_102' title='bbox 1132 2300 1196 2350; x_wconf 89' lang='lat' dir='ltr'><strong>nee</strong></span> <span class='ocrx_word' id='word_1_103' title='bbox 1215 2287 1259 2366; x_wconf 90' lang='lat' dir='ltr'><strong>tu,</strong></span> 
     </span>
     <span class='ocr_line' id='line_1_19' title="bbox 320 2384 1114 2474; baseline 0.005 -24"><span class='ocrx_word' id='word_1_104' title='bbox 320 2384 553 2474; x_wconf 85' lang='lat' dir='ltr'><strong>Persephones</strong></span> <span class='ocrx_word' id='word_1_105' title='bbox 575 2392 734 2473; x_wconf 86' lang='lat' dir='ltr'><strong>coniunx,</strong></span> <span class='ocrx_word' id='word_1_106' title='bbox 756 2389 893 2455; x_wconf 87' lang='lat' dir='ltr'><strong>saevior</strong></span> <span class='ocrx_word' id='word_1_107' title='bbox 915 2404 995 2452; x_wconf 91' lang='lat' dir='ltr'><strong>esse</strong></span> <span class='ocrx_word' id='word_1_108' title='bbox 1015 2386 1114 2454; x_wconf 91' lang='lat' dir='ltr'><strong>velis.</strong></span> 
     </span>
    </p>
   </div>
   <div class='ocr_carea' id='block_1_7' title="bbox 235 2484 1198 3200">
    <p class='ocr_par' dir='ltr' id='par_1_7' title="bbox 235 2484 1198 3200">
     <span class='ocr_line' id='line_1_20' title="bbox 279 2484 1170 2576; baseline -0.002 -20"><span class='ocrx_word' id='word_1_109' title='bbox 279 2484 367 2556; x_wconf 77' lang='lat' dir='ltr'><strong>Sunt</strong></span> <span class='ocrx_word' id='word_1_110' title='bbox 387 2490 476 2576; x_wconf 89' lang='lat' dir='ltr'><strong>apud</strong></span> <span class='ocrx_word' id='word_1_111' title='bbox 496 2494 644 2561; x_wconf 78' lang='lat' dir='ltr'><strong>infernos</strong></span> <span class='ocrx_word' id='word_1_112' title='bbox 666 2499 716 2559; x_wconf 90' lang='lat' dir='ltr'><strong>tot</strong></span> <span class='ocrx_word' id='word_1_113' title='bbox 736 2493 826 2559; x_wconf 87' lang='lat' dir='ltr'><strong>milia</strong></span> <span class='ocrx_word' id='word_1_114' title='bbox 844 2491 1076 2557; x_wconf 80' lang='lat' dir='ltr'><strong>formosarum:</strong></span> <span class='ocrx_word' id='word_1_115' title='bbox 1167 2525 1170 2534; x_wconf 92' lang='lat'><em>·</em></span> 
     </span>
     <span class='ocr_line' id='line_1_21' title="bbox 236 2591 1174 2681; baseline -0.001 -24"><span class='ocrx_word' id='word_1_116' title='bbox 236 2599 265 2648; x_wconf 66' lang='grc' dir='ltr'><strong>ω</strong></span> <span class='ocrx_word' id='word_1_117' title='bbox 323 2591 465 2659; x_wconf 87' lang='lat' dir='ltr'><strong>Pulchra</strong></span> <span class='ocrx_word' id='word_1_118' title='bbox 486 2597 586 2661; x_wconf 91' lang='lat' dir='ltr'><strong>sitin</strong></span> <span class='ocrx_word' id='word_1_119' title='bbox 607 2595 758 2681; x_wconf 89' lang='lat' dir='ltr'><strong>superis,</strong></span> <span class='ocrx_word' id='word_1_120' title='bbox 779 2593 924 2674; x_wconf 87' lang='lat' dir='ltr'><strong>silicet,</strong></span> <span class='ocrx_word' id='word_1_121' title='bbox 945 2610 1011 2657; x_wconf 85' lang='lat' dir='ltr'><strong>nna</strong></span> <span class='ocrx_word' id='word_1_122' title='bbox 1030 2591 1124 2658; x_wconf 86' lang='lat' dir='ltr'><strong>iocis.</strong></span> <span class='ocrx_word' id='word_1_123' title='bbox 1171 2607 1174 2613; x_wconf 90' lang='grc'><em>·</em></span> 
     </span>
     <span class='ocr_line' id='line_1_22' title="bbox 278 2689 1121 2784; baseline 0 -24"><span class='ocrx_word' id='word_1_124' title='bbox 278 2689 458 2760; x_wconf 84' lang='lat' dir='ltr'><strong>Vobiscum</strong></span> <span class='ocrx_word' id='word_1_125' title='bbox 478 2703 532 2764; x_wconf 90' lang='lat' dir='ltr'><strong>est</strong></span> <span class='ocrx_word' id='word_1_126' title='bbox 551 2695 648 2784; x_wconf 89' lang='lat' dir='ltr'><strong>Iope,</strong></span> <span class='ocrx_word' id='word_1_127' title='bbox 670 2697 840 2763; x_wconf 87' lang='lat' dir='ltr'><strong>vobiscum</strong></span> <span class='ocrx_word' id='word_1_128' title='bbox 860 2692 1001 2762; x_wconf 88' lang='lat' dir='ltr'><strong>candida</strong></span> <span class='ocrx_word' id='word_1_129' title='bbox 1019 2694 1121 2779; x_wconf 85' lang='lat' dir='ltr'><strong>Tyro,</strong></span> 
     </span>
     <span class='ocr_line' id='line_1_23' title="bbox 317 2797 1080 2890; baseline -0.003 -25"><span class='ocrx_word' id='word_1_130' title='bbox 317 2798 497 2869; x_wconf 83' lang='lat' dir='ltr'><strong>Vobiscum</strong></span> <span class='ocrx_word' id='word_1_131' title='bbox 519 2802 672 2890; x_wconf 81' lang='lat' dir='ltr'><strong>Europe,</strong></span> <span class='ocrx_word' id='word_1_132' title='bbox 694 2820 758 2869; x_wconf 91' lang='lat' dir='ltr'><strong>nec</strong></span> <span class='ocrx_word' id='word_1_133' title='bbox 778 2802 881 2888; x_wconf 85' lang='lat' dir='ltr'><strong>probo</strong></span> <span class='ocrx_word' id='word_1_134' title='bbox 901 2797 1080 2885; x_wconf 89' lang='lat' dir='ltr'><strong>Pasiphae,</strong></span> 
     </span>
     <span class='ocr_line' id='line_1_24' title="bbox 278 2898 1198 2990; baseline -0.001 -21"><span class='ocrx_word' id='word_1_135' title='bbox 278 2898 327 2970; x_wconf 83' lang='lat' dir='ltr'><strong>Et</strong></span> <span class='ocrx_word' id='word_1_136' title='bbox 348 2913 426 2990; x_wconf 91' lang='lat' dir='ltr'><strong>quot</strong></span> <span class='ocrx_word' id='word_1_137' title='bbox 443 2904 518 2973; x_wconf 81' lang='lat' dir='ltr'><strong>an</strong></span> <span class='ocrx_word' id='word_1_138' title='bbox 539 2907 613 2973; x_wconf 85' lang='lat' dir='ltr'><strong>tulit</strong></span> <span class='ocrx_word' id='word_1_139' title='bbox 633 2913 732 2972; x_wconf 88' lang='lat' dir='ltr'><strong>vetus</strong></span> <span class='ocrx_word' id='word_1_140' title='bbox 754 2913 787 2972; x_wconf 91' lang='lat' dir='ltr'><strong>et</strong></span> <span class='ocrx_word' id='word_1_141' title='bbox 810 2910 888 2990; x_wconf 87' lang='lat' dir='ltr'><strong>quot</strong></span> <span class='ocrx_word' id='word_1_142' title='bbox 909 2902 1040 2970; x_wconf 82' lang='lat' dir='ltr'><strong>Achaia</strong></span> <span class='ocrx_word' id='word_1_143' title='bbox 1060 2903 1198 2988; x_wconf 84' lang='lat' dir='ltr'><strong>formas,</strong></span> 
     </span>
     <span class='ocr_line' id='line_1_25' title="bbox 320 3005 1013 3096; baseline -0.003 -24"><span class='ocrx_word' id='word_1_144' title='bbox 320 3005 467 3076; x_wconf 90' lang='lat' dir='ltr'><strong>Phoebei</strong></span> <span class='ocrx_word' id='word_1_145' title='bbox 488 3017 523 3077; x_wconf 87' lang='lat' dir='ltr'><strong>et</strong></span> <span class='ocrx_word' id='word_1_146' title='bbox 543 3012 626 3078; x_wconf 91' lang='lat' dir='ltr'><strong>muri</strong></span> <span class='ocrx_word' id='word_1_147' title='bbox 648 3009 757 3076; x_wconf 87' lang='lat' dir='ltr'><strong>diruta</strong></span> <span class='ocrx_word' id='word_1_148' title='bbox 778 3026 884 3096; x_wconf 81' lang='lat' dir='ltr'><strong>regna</strong></span> <span class='ocrx_word' id='word_1_149' title='bbox 906 3009 1013 3072; x_wconf 90' lang='lat' dir='ltr'><strong>senis:</strong></span> 
     </span>
     <span class='ocr_line' id='line_1_26' title="bbox 235 3099 1195 3200; baseline -0.003 -23"><span class='ocrx_word' id='word_1_150' title='bbox 235 3117 263 3166; x_wconf 68' lang='lat'><strong>⁵⁶</strong></span> <span class='ocrx_word' id='word_1_151' title='bbox 279 3105 329 3177; x_wconf 80' lang='lat' dir='ltr'><strong>nt</strong></span> <span class='ocrx_word' id='word_1_152' title='bbox 348 3127 575 3200; x_wconf 88' lang='lat' dir='ltr'><strong>quaecumque</strong></span> <span class='ocrx_word' id='word_1_153' title='bbox 596 3118 671 3179; x_wconf 90' lang='lat' dir='ltr'><strong>crat</strong></span> <span class='ocrx_word' id='word_1_154' title='bbox 692 3115 725 3177; x_wconf 90' lang='lat' dir='ltr'><strong>iu</strong></span> <span class='ocrx_word' id='word_1_155' title='bbox 748 3099 882 3176; x_wconf 89' lang='lat' dir='ltr'><strong>numero</strong></span> <span class='ocrx_word' id='word_1_156' title='bbox 902 3109 1053 3175; x_wconf 88' lang='lat' dir='ltr'><strong>Romana</strong></span> <span class='ocrx_word' id='word_1_157' title='bbox 1074 3107 1195 3194; x_wconf 90' lang='lat' dir='ltr'><strong>puella,</strong></span> 
     </span>
    </p>
   </div>
   <div class='ocr_carea' id='block_1_8' title="bbox 235 3295 1303 3457">
    <p class='ocr_par' dir='ltr' id='par_1_8' title="bbox 235 3295 1303 3457">
     <span class='ocr_line' id='line_1_27' title="bbox 305 3295 1301 3372; baseline -0.004 -18"><span class='ocrx_word' id='word_1_158' title='bbox 305 3305 349 3358; x_wconf 73' lang='grc'><strong>83.</strong></span> <span class='ocrx_word' id='word_1_159' title='bbox 367 3301 406 3356; x_wconf 90' lang='lat' dir='ltr'><strong>ibi</strong></span> <span class='ocrx_word' id='word_1_160' title='bbox 426 3304 458 3359; x_wconf 81' lang='lat' dir='ltr'><strong><em>P.</em></strong></span> <span class='ocrx_word' id='word_1_161' title='bbox 484 3307 590 3372; x_wconf 80' lang='lat' dir='ltr'><strong>poterat</strong></span> <span class='ocrx_word' id='word_1_162' title='bbox 610 3305 642 3358; x_wconf 76' lang='grc' dir='ltr'><strong>Υ.</strong></span> <span class='ocrx_word' id='word_1_163' title='bbox 728 3304 771 3358; x_wconf 77' lang='lat'><strong>35.</strong></span> <span class='ocrx_word' id='word_1_164' title='bbox 797 3305 875 3354; x_wconf 84' lang='lat' dir='ltr'><strong>Novo</strong></span> <span class='ocrx_word' id='word_1_165' title='bbox 896 3300 958 3366; x_wconf 77' lang='lat' dir='ltr'><strong>ciep.</strong></span> <span class='ocrx_word' id='word_1_166' title='bbox 980 3298 1007 3350; x_wconf 85' lang='lat' dir='ltr'><strong>ia</strong></span> <span class='ocrx_word' id='word_1_167' title='bbox 1026 3297 1064 3352; x_wconf 99' lang='lat' dir='ltr'><strong>N.</strong></span> <span class='ocrx_word' id='word_1_168' title='bbox 1087 3295 1216 3366; x_wconf 80' lang='lat' dir='ltr'><strong>carmine]</strong></span> <span class='ocrx_word' id='word_1_169' title='bbox 1237 3297 1301 3351; x_wconf 81' lang='lat' dir='ltr'><strong>iura-</strong></span> 
     </span>
     <span class='ocr_line' id='line_1_28' title="bbox 235 3384 1303 3457; baseline -0.001 -20"><span class='ocrx_word' id='word_1_170' title='bbox 235 3384 299 3452; x_wconf 77' lang='lat' dir='ltr'><strong>gine</strong></span> <span class='ocrx_word' id='word_1_171' title='bbox 320 3390 351 3444; x_wconf 77' lang='lat'><strong>7.</strong></span> <span class='ocrx_word' id='word_1_172' title='bbox 369 3388 453 3441; x_wconf 86' lang='lat' dir='ltr'><strong>rombi</strong></span> <span class='ocrx_word' id='word_1_173' title='bbox 473 3391 505 3442; x_wconf 85' lang='lat' dir='ltr'><strong>G.</strong></span> <span class='ocrx_word' id='word_1_174' title='bbox 518 3389 591 3457; x_wconf 75' lang='lat' dir='ltr'><strong>Ha,</strong></span> <span class='ocrx_word' id='word_1_175' title='bbox 608 3388 696 3443; x_wconf 84' lang='lat' dir='ltr'><strong>bombi</strong></span> <span class='ocrx_word' id='word_1_176' title='bbox 715 3393 750 3442; x_wconf 91' lang='lat' dir='ltr'><strong>N.</strong></span> <span class='ocrx_word' id='word_1_177' title='bbox 763 3390 814 3455; x_wconf 88' lang='lat' dir='ltr'><strong><em>D.,</em></strong></span> <span class='ocrx_word' id='word_1_178' title='bbox 833 3385 923 3452; x_wconf 78' lang='lat' dir='ltr'><strong>nymbi</strong></span> <span class='ocrx_word' id='word_1_179' title='bbox 939 3400 964 3437; x_wconf 85' lang='lat' dir='ltr'><strong><em>r.</em></strong></span> <span class='ocrx_word' id='word_1_180' title='bbox 1034 3387 1077 3436; x_wconf 79' lang='lat'><strong><em>36.</em></strong></span> <span class='ocrx_word' id='word_1_181' title='bbox 1096 3389 1141 3436; x_wconf 80' lang='lat' dir='ltr'><strong>..t</strong></span> <span class='ocrx_word' id='word_1_182' title='bbox 1160 3384 1303 3436; x_wconf 79' lang='lat' dir='ltr'><strong>rubricato·</strong></span> 
     </span>
    </p>
   </div>
   <div class='ocr_carea' id='block_1_9' title="bbox 136 3469 1303 3538">
    <p class='ocr_par' dir='ltr' id='par_1_9' title="bbox 136 3469 1303 3538">
     <span class='ocr_line' id='line_1_29' title="bbox 136 3469 1303 3538; baseline 0 -17"><span class='ocrx_word' id='word_1_183' title='bbox 136 3493 138 3501; x_wconf 59' lang='lat'><strong><em>.</em></strong></span> <span class='ocrx_word' id='word_1_184' title='bbox 234 3471 276 3522; x_wconf 79' lang='lat' dir='ltr'><strong>ria</strong></span> <span class='ocrx_word' id='word_1_185' title='bbox 292 3472 380 3538; x_wconf 77' lang='lat' dir='ltr'><strong>cabpa.</strong></span> <span class='ocrx_word' id='word_1_186' title='bbox 400 3473 531 3526; x_wconf 82' lang='lat' dir='ltr'><strong>exstincta</strong></span> <span class='ocrx_word' id='word_1_187' title='bbox 546 3477 584 3532; x_wconf 88' lang='lat' dir='ltr'><strong>H.</strong></span> <span class='ocrx_word' id='word_1_188' title='bbox 653 3479 698 3530; x_wconf 75' lang='lat' dir='ltr'><strong>et.</strong></span> <span class='ocrx_word' id='word_1_189' title='bbox 715 3478 784 3528; x_wconf 83' lang='lat' dir='ltr'><strong>bona</strong></span> <span class='ocrx_word' id='word_1_190' title='bbox 803 3475 836 3526; x_wconf 92' lang='grc'><strong>6.</strong></span> <span class='ocrx_word' id='word_1_191' title='bbox 906 3474 950 3525; x_wconf 81' lang='grc'><strong>38.</strong></span> <span class='ocrx_word' id='word_1_192' title='bbox 969 3470 1088 3523; x_wconf 87' lang='lat' dir='ltr'><strong>condidit</strong></span> <span class='ocrx_word' id='word_1_193' title='bbox 1107 3472 1142 3525; x_wconf 91' lang='lat' dir='ltr'><strong>N.</strong></span> <span class='ocrx_word' id='word_1_194' title='bbox 1158 3487 1184 3525; x_wconf 87' lang='lat' dir='ltr'><strong><em>r.</em></strong></span> <span class='ocrx_word' id='word_1_195' title='bbox 1199 3469 1252 3523; x_wconf 86' lang='lat' dir='ltr'><strong><em>Hb.</em></strong></span> <span class='ocrx_word' id='word_1_196' title='bbox 1270 3487 1303 3536; x_wconf 71' lang='lat' dir='ltr'><strong>a..</strong></span> 
     </span>
    </p>
   </div>
   <div class='ocr_carea' id='block_1_10' title="bbox 227 3551 1304 4386">
    <p class='ocr_par' dir='ltr' id='par_1_10' title="bbox 227 3551 1304 4386">
     <span class='ocr_line' id='line_1_30' title="bbox 235 3551 1302 3625; baseline 0 -20"><span class='ocrx_word' id='word_1_197' title='bbox 235 3552 351 3606; x_wconf 82' lang='lat' dir='ltr'><strong>eoncitat</strong></span> <span class='ocrx_word' id='word_1_198' title='bbox 367 3557 444 3611; x_wconf 83' lang='lat' dir='ltr'><strong>Pcrr.</strong></span> <span class='ocrx_word' id='word_1_199' title='bbox 462 3573 528 3610; x_wconf 83' lang='lat' dir='ltr'><strong>anns</strong></span> <span class='ocrx_word' id='word_1_200' title='bbox 544 3569 569 3614; x_wconf 80' lang='lat' dir='ltr'><strong><em>r.</em></strong></span> <span class='ocrx_word' id='word_1_201' title='bbox 587 3572 630 3625; x_wconf 70' lang='lat' dir='ltr'><strong>o..</strong></span> <span class='ocrx_word' id='word_1_202' title='bbox 649 3557 706 3611; x_wconf 80' lang='lat' dir='ltr'><strong>avis</strong></span> <span class='ocrx_word' id='word_1_203' title='bbox 725 3558 800 3608; x_wconf 85' lang='lat' dir='ltr'><strong>Perr.</strong></span> <span class='ocrx_word' id='word_1_204' title='bbox 819 3557 850 3608; x_wconf 81' lang='lat' dir='ltr'><strong>V.</strong></span> <span class='ocrx_word' id='word_1_205' title='bbox 861 3555 902 3610; x_wconf 81' lang='grc' dir='ltr'><strong>Μ.</strong></span> <span class='ocrx_word' id='word_1_206' title='bbox 980 3554 1023 3606; x_wconf 88' lang='grc'><strong>41.</strong></span> <span class='ocrx_word' id='word_1_207' title='bbox 1043 3554 1079 3618; x_wconf 78' lang='lat'><strong>83</strong></span> <span class='ocrx_word' id='word_1_208' title='bbox 1098 3551 1129 3619; x_wconf 81' lang='lat' dir='ltr'><strong>(i.</strong></span> <span class='ocrx_word' id='word_1_209' title='bbox 1145 3568 1168 3605; x_wconf 90' lang='lat' dir='ltr'><strong>e.</strong></span> <span class='ocrx_word' id='word_1_210' title='bbox 1186 3553 1252 3621; x_wconf 88' lang='lat' dir='ltr'><strong>Sed)</strong></span> <span class='ocrx_word' id='word_1_211' title='bbox 1270 3555 1302 3605; x_wconf 89' lang='lat' dir='ltr'><strong>N.</strong></span> 
     </span>
     <span class='ocr_line' id='line_1_31' title="bbox 233 3635 1302 3704; baseline -0.002 -14"><span class='ocrx_word' id='word_1_212' title='bbox 233 3638 278 3692; x_wconf 78' lang='grc'><strong>43.</strong></span> <span class='ocrx_word' id='word_1_213' title='bbox 300 3639 418 3692; x_wconf 83' lang='lat' dir='ltr'><strong>carmina</strong></span> <span class='ocrx_word' id='word_1_214' title='bbox 435 3642 475 3693; x_wconf 84' lang='grc' dir='ltr'><strong>Μ.</strong></span> <span class='ocrx_word' id='word_1_215' title='bbox 562 3641 607 3694; x_wconf 81' lang='grc'><strong>44.</strong></span> <span class='ocrx_word' id='word_1_216' title='bbox 630 3647 672 3694; x_wconf 81' lang='lat' dir='ltr'><strong>est</strong></span> <span class='ocrx_word' id='word_1_217' title='bbox 696 3647 757 3691; x_wconf 83' lang='lat' dir='ltr'><strong>cote</strong></span> <span class='ocrx_word' id='word_1_218' title='bbox 777 3642 851 3691; x_wconf 79' lang='lat' dir='ltr'><strong>saiva</strong></span> <span class='ocrx_word' id='word_1_219' title='bbox 873 3637 935 3691; x_wconf 80' lang='lat' dir='ltr'><strong>odd.</strong></span> <span class='ocrx_word' id='word_1_220' title='bbox 952 3637 989 3692; x_wconf 87' lang='lat' dir='ltr'><strong>N.</strong></span> <span class='ocrx_word' id='word_1_221' title='bbox 1006 3638 1042 3691; x_wconf 79' lang='lat' dir='ltr'><strong>R.</strong></span> <span class='ocrx_word' id='word_1_222' title='bbox 1059 3635 1114 3691; x_wconf 88' lang='lat' dir='ltr'><strong>Hb.</strong></span> <span class='ocrx_word' id='word_1_223' title='bbox 1132 3654 1175 3704; x_wconf 87' lang='lat' dir='ltr'><strong><em>o.‚</em></strong></span> <span class='ocrx_word' id='word_1_224' title='bbox 1202 3653 1251 3692; x_wconf 84' lang='lat' dir='ltr'><strong>om.</strong></span> <span class='ocrx_word' id='word_1_225' title='bbox 1269 3639 1302 3688; x_wconf 86' lang='lat' dir='ltr'><strong>H.</strong></span> 
     </span>
     <span class='ocr_line' id='line_1_32' title="bbox 233 3723 1304 3794; baseline -0.003 -17"><span class='ocrx_word' id='word_1_226' title='bbox 233 3726 278 3777; x_wconf 75' lang='grc'><strong>45.</strong></span> <span class='ocrx_word' id='word_1_227' title='bbox 301 3729 395 3792; x_wconf 85' lang='lat' dir='ltr'><strong>operta</strong></span> <span class='ocrx_word' id='word_1_228' title='bbox 411 3727 448 3782; x_wconf 88' lang='lat' dir='ltr'><strong>N.</strong></span> <span class='ocrx_word' id='word_1_229' title='bbox 465 3727 499 3780; x_wconf 84' lang='lat' dir='ltr'><strong>D.</strong></span> <span class='ocrx_word' id='word_1_230' title='bbox 521 3726 553 3780; x_wconf 80' lang='lat' dir='ltr'><strong>V.</strong></span> <span class='ocrx_word' id='word_1_231' title='bbox 569 3727 627 3794; x_wconf 61' lang='lat' dir='ltr'><strong>M„</strong></span> <span class='ocrx_word' id='word_1_232' title='bbox 652 3733 731 3794; x_wconf 81' lang='lat' dir='ltr'><strong>opatu</strong></span> <span class='ocrx_word' id='word_1_233' title='bbox 752 3724 806 3778; x_wconf 87' lang='lat' dir='ltr'><strong><em>Hb.</em></strong></span> <span class='ocrx_word' id='word_1_234' title='bbox 829 3725 876 3777; x_wconf 79' lang='lat' dir='ltr'><strong>sed</strong></span> <span class='ocrx_word' id='word_1_235' title='bbox 899 3740 961 3791; x_wconf 73' lang='lat' dir='ltr'><strong>emp.</strong></span> <span class='ocrx_word' id='word_1_236' title='bbox 978 3740 1012 3779; x_wconf 86' lang='lat' dir='ltr'><strong>ra.</strong></span> <span class='ocrx_word' id='word_1_237' title='bbox 1031 3739 1055 3779; x_wconf 81' lang='lat' dir='ltr'><strong><em>s.</em></strong></span> <span class='ocrx_word' id='word_1_238' title='bbox 1072 3738 1100 3774; x_wconf 82' lang='lat' dir='ltr'><strong><em>a.</em></strong></span> <span class='ocrx_word' id='word_1_239' title='bbox 1184 3724 1228 3775; x_wconf 78' lang='grc'><strong>41.</strong></span> <span class='ocrx_word' id='word_1_240' title='bbox 1252 3723 1304 3774; x_wconf 87' lang='lat' dir='ltr'><strong>Neo</strong></span> 
     </span>
     <span class='ocr_line' id='line_1_33' title="bbox 232 3807 1304 3882; baseline -0.006 -17"><span class='ocrx_word' id='word_1_241' title='bbox 232 3807 288 3865; x_wconf 78' lang='lat' dir='ltr'><strong><em>Hb.</em></strong></span> <span class='ocrx_word' id='word_1_242' title='bbox 305 3813 343 3864; x_wconf 88' lang='lat' dir='ltr'><strong>H.</strong></span> <span class='ocrx_word' id='word_1_243' title='bbox 367 3811 549 3881; x_wconf 85' lang='lat' dir='ltr'><strong>persephonae</strong></span> <span class='ocrx_word' id='word_1_244' title='bbox 568 3814 601 3866; x_wconf 83' lang='lat' dir='ltr'><strong>G.</strong></span> <span class='ocrx_word' id='word_1_245' title='bbox 619 3818 708 3882; x_wconf 80' lang='lat' dir='ltr'><strong>movet</strong></span> <span class='ocrx_word' id='word_1_246' title='bbox 729 3813 760 3867; x_wconf 82' lang='lat' dir='ltr'><strong>V.</strong></span> <span class='ocrx_word' id='word_1_247' title='bbox 830 3812 874 3864; x_wconf 89' lang='grc'><strong>48.</strong></span> <span class='ocrx_word' id='word_1_248' title='bbox 895 3809 1066 3878; x_wconf 83' lang='lat' dir='ltr'><strong>Persephone</strong></span> <span class='ocrx_word' id='word_1_249' title='bbox 1085 3809 1118 3861; x_wconf 83' lang='lat' dir='ltr'><strong>G.</strong></span> <span class='ocrx_word' id='word_1_250' title='bbox 1130 3813 1166 3864; x_wconf 92' lang='lat' dir='ltr'><strong>N.</strong></span> <span class='ocrx_word' id='word_1_251' title='bbox 1179 3825 1220 3876; x_wconf 87' lang='lat' dir='ltr'><strong>r.,</strong></span> <span class='ocrx_word' id='word_1_252' title='bbox 1243 3809 1304 3860; x_wconf 88' lang='lat' dir='ltr'><strong>Per·</strong></span> 
     </span>
     <span class='ocr_line' id='line_1_34' title="bbox 233 3891 1303 3965; baseline -0.005 -15"><span class='ocrx_word' id='word_1_253' title='bbox 233 3895 368 3964; x_wconf 78' lang='lat' dir='ltr'><strong>aephonae</strong></span> <span class='ocrx_word' id='word_1_254' title='bbox 379 3899 412 3953; x_wconf 84' lang='lat' dir='ltr'><strong>D.</strong></span> <span class='ocrx_word' id='word_1_255' title='bbox 426 3903 463 3955; x_wconf 87' lang='lat' dir='ltr'><strong>H.</strong></span> <span class='ocrx_word' id='word_1_256' title='bbox 477 3900 507 3956; x_wconf 83' lang='lat' dir='ltr'><strong>V.</strong></span> <span class='ocrx_word' id='word_1_257' title='bbox 518 3900 559 3953; x_wconf 80' lang='lat' dir='ltr'><strong>M.</strong></span> <span class='ocrx_word' id='word_1_258' title='bbox 578 3899 663 3954; x_wconf 84' lang='lat' dir='ltr'><strong>senior</strong></span> <span class='ocrx_word' id='word_1_259' title='bbox 673 3895 711 3954; x_wconf 88' lang='lat' dir='ltr'><strong>H.</strong></span> <span class='ocrx_word' id='word_1_260' title='bbox 771 3891 814 3951; x_wconf 72' lang='lat'><strong><em>49.</em></strong></span> <span class='ocrx_word' id='word_1_261' title='bbox 834 3902 899 3965; x_wconf 82' lang='lat' dir='ltr'><strong>aput</strong></span> <span class='ocrx_word' id='word_1_262' title='bbox 911 3900 946 3950; x_wconf 74' lang='lat' dir='ltr'><strong><em>a.</em></strong></span> <span class='ocrx_word' id='word_1_263' title='bbox 1000 3900 1043 3949; x_wconf 77' lang='lat'><strong><em>50.</em></strong></span> <span class='ocrx_word' id='word_1_264' title='bbox 1062 3894 1163 3947; x_wconf 82' lang='lat' dir='ltr'><strong>seilicet</strong></span> <span class='ocrx_word' id='word_1_265' title='bbox 1182 3895 1214 3946; x_wconf 87' lang='lat' dir='ltr'><strong>G.</strong></span> <span class='ocrx_word' id='word_1_266' title='bbox 1225 3897 1260 3952; x_wconf 85' lang='lat' dir='ltr'><strong>R.</strong></span> <span class='ocrx_word' id='word_1_267' title='bbox 1270 3909 1303 3961; x_wconf 77' lang='lat' dir='ltr'><strong>a,</strong></span> 
     </span>
     <span class='ocr_line' id='line_1_35' title="bbox 233 3980 1302 4054; baseline 0.004 -20"><span class='ocrx_word' id='word_1_268' title='bbox 233 3980 258 4034; x_wconf 78' lang='lat' dir='ltr'><strong>ni</strong></span> <span class='ocrx_word' id='word_1_269' title='bbox 276 3982 338 4036; x_wconf 85' lang='lat' dir='ltr'><strong>licat</strong></span> <span class='ocrx_word' id='word_1_270' title='bbox 359 3986 390 4040; x_wconf 82' lang='lat' dir='ltr'><strong><em>P.</em></strong></span> <span class='ocrx_word' id='word_1_271' title='bbox 408 3986 484 4040; x_wconf 85' lang='lat' dir='ltr'><strong>Perr.</strong></span> <span class='ocrx_word' id='word_1_272' title='bbox 507 3987 529 4052; x_wconf 77' lang='lat' dir='ltr'><strong>f.</strong></span> <span class='ocrx_word' id='word_1_273' title='bbox 548 3989 579 4044; x_wconf 85' lang='lat' dir='ltr'><strong><em>P.</em></strong></span> <span class='ocrx_word' id='word_1_274' title='bbox 656 3990 699 4042; x_wconf 79' lang='lat'><strong><em>51.</em></strong></span> <span class='ocrx_word' id='word_1_275' title='bbox 723 3985 777 4038; x_wconf 83' lang='lat' dir='ltr'><strong>iole</strong></span> <span class='ocrx_word' id='word_1_276' title='bbox 797 3986 846 4054; x_wconf 89' lang='grc'><strong>6.,</strong></span> <span class='ocrx_word' id='word_1_277' title='bbox 872 3986 893 4051; x_wconf 77' lang='lat' dir='ltr'><strong>f.</strong></span> <span class='ocrx_word' id='word_1_278' title='bbox 919 3985 965 4054; x_wconf 89' lang='lat' dir='ltr'><strong>io,</strong></span> <span class='ocrx_word' id='word_1_279' title='bbox 987 3982 1123 4036; x_wconf 87' lang='lat' dir='ltr'><strong>vobiscum</strong></span> <span class='ocrx_word' id='word_1_280' title='bbox 1145 3983 1254 4051; x_wconf 82' lang='lat' dir='ltr'><strong>antiope</strong></span> <span class='ocrx_word' id='word_1_281' title='bbox 1275 3984 1302 4038; x_wconf 84' lang='lat' dir='ltr'><strong><em>P.</em></strong></span> 
     </span>
     <span class='ocr_line' id='line_1_36' title="bbox 232 4066 1303 4140; baseline 0.004 -22"><span class='ocrx_word' id='word_1_282' title='bbox 232 4066 311 4124; x_wconf 82' lang='lat' dir='ltr'><strong>Perr.</strong></span> <span class='ocrx_word' id='word_1_283' title='bbox 328 4069 395 4122; x_wconf 79' lang='lat' dir='ltr'><strong>Auta</strong></span> <span class='ocrx_word' id='word_1_284' title='bbox 412 4071 524 4126; x_wconf 82' lang='lat' dir='ltr'><strong>candida</strong></span> <span class='ocrx_word' id='word_1_285' title='bbox 541 4075 576 4130; x_wconf 87' lang='lat' dir='ltr'><strong>D.</strong></span> <span class='ocrx_word' id='word_1_286' title='bbox 592 4073 686 4126; x_wconf 79' lang='lat' dir='ltr'><strong>iurarit</strong></span> <span class='ocrx_word' id='word_1_287' title='bbox 703 4077 753 4129; x_wconf 87' lang='lat' dir='ltr'><strong>est.</strong></span> <span class='ocrx_word' id='word_1_288' title='bbox 770 4071 867 4140; x_wconf 80' lang='lat' dir='ltr'><strong>pyrrho</strong></span> <span class='ocrx_word' id='word_1_289' title='bbox 885 4073 918 4129; x_wconf 88' lang='grc'><strong>6.</strong></span> <span class='ocrx_word' id='word_1_290' title='bbox 984 4073 1028 4126; x_wconf 76' lang='lat'><strong><em>⁵2.</em></strong></span> <span class='ocrx_word' id='word_1_291' title='bbox 1049 4069 1161 4138; x_wconf 80' lang='lat' dir='ltr'><strong>pasipha</strong></span> <span class='ocrx_word' id='word_1_292' title='bbox 1178 4086 1219 4138; x_wconf 82' lang='lat' dir='ltr'><strong><em>r.‚</em></strong></span> <span class='ocrx_word' id='word_1_293' title='bbox 1237 4069 1303 4138; x_wconf 87' lang='lat' dir='ltr'><strong>pari·</strong></span> 
     </span>
     <span class='ocr_line' id='line_1_37' title="bbox 231 4151 1301 4226; baseline 0.006 -21"><span class='ocrx_word' id='word_1_294' title='bbox 231 4151 318 4220; x_wconf 84' lang='lat' dir='ltr'><strong>pbaea</strong></span> <span class='ocrx_word' id='word_1_295' title='bbox 334 4171 358 4209; x_wconf 82' lang='lat' dir='ltr'><strong><em>s.</em></strong></span> <span class='ocrx_word' id='word_1_296' title='bbox 371 4172 406 4214; x_wconf 85' lang='lat' dir='ltr'><strong><em>m.</em></strong></span> <span class='ocrx_word' id='word_1_297' title='bbox 420 4157 468 4226; x_wconf 90' lang='lat' dir='ltr'><strong><em>N.,</em></strong></span> <span class='ocrx_word' id='word_1_298' title='bbox 486 4158 633 4226; x_wconf 83' lang='lat' dir='ltr'><strong>pasiphone</strong></span> <span class='ocrx_word' id='word_1_299' title='bbox 648 4159 681 4214; x_wconf 85' lang='lat' dir='ltr'><strong>G.</strong></span> <span class='ocrx_word' id='word_1_300' title='bbox 694 4162 733 4216; x_wconf 82' lang='lat'><strong>11.</strong></span> <span class='ocrx_word' id='word_1_301' title='bbox 801 4162 845 4214; x_wconf 82' lang='lat'><strong>5³.</strong></span> <span class='ocrx_word' id='word_1_302' title='bbox 865 4157 902 4212; x_wconf 80' lang='lat' dir='ltr'><strong>nt</strong></span> <span class='ocrx_word' id='word_1_303' title='bbox 920 4162 1038 4226; x_wconf 85' lang='lat' dir='ltr'><strong>quotque</strong></span> <span class='ocrx_word' id='word_1_304' title='bbox 1055 4154 1124 4220; x_wconf 69' lang='lat' dir='ltr'><strong>no„</strong></span> <span class='ocrx_word' id='word_1_305' title='bbox 1144 4155 1181 4208; x_wconf 85' lang='lat' dir='ltr'><strong>Et</strong></span> <span class='ocrx_word' id='word_1_306' title='bbox 1197 4157 1266 4223; x_wconf 89' lang='lat' dir='ltr'><strong>quod</strong></span> <span class='ocrx_word' id='word_1_307' title='bbox 1280 4171 1301 4212; x_wconf 88' lang='lat' dir='ltr'><strong><em>r.</em></strong></span> 
     </span>
     <span class='ocr_line' id='line_1_38' title="bbox 229 4233 1302 4312; baseline 0.005 -24"><span class='ocrx_word' id='word_1_308' title='bbox 229 4233 315 4290; x_wconf 80' lang='lat' dir='ltr'><strong>Troia</strong></span> <span class='ocrx_word' id='word_1_309' title='bbox 334 4254 431 4298; x_wconf 80' lang='lat' dir='ltr'><strong>omaus.</strong></span> <span class='ocrx_word' id='word_1_310' title='bbox 457 4247 485 4294; x_wconf 91' lang='lat' dir='ltr'><strong>et</strong></span> <span class='ocrx_word' id='word_1_311' title='bbox 508 4242 579 4310; x_wconf 90' lang='lat' dir='ltr'><strong>quod</strong></span> <span class='ocrx_word' id='word_1_312' title='bbox 600 4257 627 4297; x_wconf 85' lang='lat' dir='ltr'><strong><em>r.</em></strong></span> <span class='ocrx_word' id='word_1_313' title='bbox 711 4243 756 4296; x_wconf 71' lang='lat' dir='ltr'><strong>ti.</strong></span> <span class='ocrx_word' id='word_1_314' title='bbox 781 4241 819 4296; x_wconf 79' lang='lat' dir='ltr'><strong>nt</strong></span> <span class='ocrx_word' id='word_1_315' title='bbox 842 4239 921 4311; x_wconf 87' lang='lat' dir='ltr'><strong>phebi</strong></span> <span class='ocrx_word' id='word_1_316' title='bbox 935 4241 990 4312; x_wconf 77' lang='lat' dir='ltr'><strong><em>&#39;N.,</em></strong></span> <span class='ocrx_word' id='word_1_317' title='bbox 1016 4241 1054 4296; x_wconf 79' lang='lat' dir='ltr'><strong>itt</strong></span> <span class='ocrx_word' id='word_1_318' title='bbox 1080 4240 1161 4307; x_wconf 85' lang='lat' dir='ltr'><strong>pochi</strong></span> <span class='ocrx_word' id='word_1_319' title='bbox 1176 4238 1248 4309; x_wconf 74' lang='lat' dir='ltr'><strong><em>Hi..</em></strong></span> <span class='ocrx_word' id='word_1_320' title='bbox 1269 4239 1302 4294; x_wconf 81' lang='lat' dir='ltr'><strong>itt</strong></span> 
     </span>
     <span class='ocr_line' id='line_1_39' title="bbox 227 4316 764 4386; baseline 0.02 -16"><span class='ocrx_word' id='word_1_321' title='bbox 227 4316 327 4386; x_wconf 83' lang='lat' dir='ltr'><strong>phoebi</strong></span> <span class='ocrx_word' id='word_1_322' title='bbox 345 4323 378 4378; x_wconf 89' lang='grc'><strong>6.</strong></span> <span class='ocrx_word' id='word_1_323' title='bbox 396 4326 433 4377; x_wconf 76' lang='lat' dir='ltr'><strong>R.</strong></span> <span class='ocrx_word' id='word_1_324' title='bbox 450 4324 482 4384; x_wconf 74' lang='lat' dir='ltr'><strong>A.</strong></span> <span class='ocrx_word' id='word_1_325' title='bbox 502 4329 531 4379; x_wconf 86' lang='lat' dir='ltr'><strong>ot</strong></span> <span class='ocrx_word' id='word_1_326' title='bbox 546 4325 646 4382; x_wconf 80' lang='lat' dir='ltr'><strong>Priami</strong></span> <span class='ocrx_word' id='word_1_327' title='bbox 665 4341 764 4381; x_wconf 83' lang='lat' dir='ltr'><strong>amaea.</strong></span> 
     </span>
    </p>
   </div>
   <div class='ocr_carea' id='block_1_11' title="bbox 0 0 1428 4972">
    <p class='ocr_par' dir='ltr' id='par_1_11' title="bbox 0 0 1428 4972">
     <span class='ocr_line' id='line_1_40' title="bbox 0 0 1428 4972; baseline 0 3"><span class='ocrx_word' id='word_1_328' title='bbox 0 0 1428 4972; x_wconf 95' lang='lat' dir='ltr'><strong> </strong></span> 
     </span>
    </p>
   </div>
  </div>
 </body>
</html>
