2848 4972
401 349 615 432 rnornnrn
634 309 698 424 un.
716 355 777 442 nr,
797 353 852 426 aa.
869 355 924 426 aa.
1048 382 1050 388 s
1138 366 1210 450 rua

216 534 287 606 Aut
305 532 425 606 faeiem
444 532 534 618 turpi
556 528 759 600 dedecorare
778 527 878 614 bove,

174 637 413 724 Arboreasque
434 654 552 705 eruees
574 634 686 719 Sinis,
707 639 743 700 et
762 652 829 720 npn
848 631 982 722 hospita
998 632 1113 706 erana

217 738 335 825 Saxa,
357 747 392 809 et
412 745 571 807 curvatas
592 741 627 805 in
649 754 714 805 sua
730 737 803 804 iata
823 739 949 809 trabes.

175 844 272 912 Haeo
292 847 368 929 titi,
388 846 501 928 Tulle,
523 861 661 931 parens,
682 841 768 912 haee
785 849 840 910 est
857 842 1075 930 pulcherrima
1090 845 1205 936 aedes,

110 959 160 1004 ¹¹⁰
219 949 285 1016 Hir
305 951 364 1017 titi
384 969 445 1037 pro
467 947 571 1036 digna
590 953 694 1036 geute
715 945 880 1034 petendus
900 947 1018 1035 honos,

176 1047 242 1116 Hie
263 1051 322 1119 tibi
345 1047 390 1118 ad
411 1049 574 1134 eloquium
596 1049 708 1131 cives,
728 1045 783 1114 hie
804 1047 913 1134 ampla
931 1056 1086 1137 nepotum

219 1150 318 1240 Spes·
335 1160 370 1221 et
390 1158 554 1222 venturae
576 1152 729 1240 eoniugIs
750 1156 850 1239 aptus
870 1169 973 1224 amor.

611 1331 740 1409 XXIII.

177 1459 289 1564 Er'go
312 1481 380 1544 tam
401 1471 521 1546 doctae
542 1472 638 1540 nobis
661 1473 794 1559 periere
812 1471 969 1558 tabellae,

220 1577 354 1666 Scripta
375 1580 494 1664 quibus
517 1577 640 1663 pariter
661 1581 711 1644 tot
732 1575 863 1661 periere
885 1576 981 1642 bona.

178 1681 253 1751 Ilus
276 1681 440 1768 quondam
460 1682 583 1748 nostris
603 1679 756 1746 ¹manitus
779 1677 963 1747 detriverat
982 1699 1078 1766 usus,

223 1784 288 1869 Qui
309 1805 375 1858 nou
395 1789 552 1876 signatas
573 1782 673 1851 iussit
694 1782 819 1853 habere
840 1783 949 1854 fidem.

150 1887 266 1955 tlllae
285 1891 351 1955 inm
372 1891 446 1955 sine
465 1906 518 1955 me
538 1892 658 1955 norant
678 1887 813 1974 planare
834 1887 974 1972 puellas,

224 1990 272 2059 Et
293 1991 454 2078 quaedam
476 1992 550 2057 sino
570 1989 747 2057 menerba
768 1986 894 2054 dIserta
913 1988 1014 2076 ioqui.

179 2095 256 2166 Non
273 2096 349 2166 illus
371 2096 471 2164 fixum
491 2111 591 2161 earas
613 2095 772 2159 effecerat
791 2109 922 2160 aurumr

221 2197 360 2286 Vulgari
381 2200 468 2266 buxo
490 2195 626 2266 sordida
647 2213 726 2263 cera
746 2193 818 2263 fuit.

181 2296 460 2386 Quuloseomque:
482 2297 561 2368 mihi
582 2311 715 2383 semper
735 2314 891 2364 mansere
911 2297 1041 2387 fidelos,

83 2422 87 2434 ·
140 2410 167 2458 1⁰
226 2399 367 2487 Semper
389 2407 424 2468 et
446 2403 584 2468 effeetus
606 2402 953 2486 promeruerebonos.

183 2503 339 2573 Forsitan
361 2502 446 2570 haec
464 2503 531 2570 iilis
551 2503 685 2568 fuerant
703 2501 861 2568 mandata
882 2505 1031 2573 tabellisr

227 2604 409 2690 ,;Iraseor,
431 2605 583 2690 quoniam
605 2619 662 2687 es,
684 2603 788 2687 iente,
811 2613 958 2672 moratus
979 2605 1062 2680 heri.

91 2794 94 2798 ⁸
184 2707 240 2779 An
261 2710 320 2774 tibi
341 2710 455 2776 neseio
478 2709 736 2796 quaeritarem
757 2705 956 2775 formostort
979 2729 1023 2779 an
1043 2720 1079 2782 tu

227 2813 304 2884 Non
322 2813 408 2882 bene
429 2810 472 2879 de
491 2812 587 2881 nobis
610 2812 746 2879 crimina
765 2811 843 2879 fieta
863 2811 1004 2881 iamsi‘⁴

143 2924 171 2976 15
187 2915 256 2985 Aut
277 2914 377 2982 dixit:
397 2915 547 3000 „venies
566 2912 683 2998 hodie,
702 2915 908 2982 cessabimus
930 2935 1011 2988 una:

230 3023 418 3110 Hospitium
438 3028 508 3090 tota
528 3029 628 3089 noete
645 3024 779 3108 paravit
798 3022 934 3094 Amor.“

186 3123 235 3197 Et
256 3144 481 3214 quaecumque
499 3126 616 3193 volens
634 3127 758 3212 reperit
776 3144 843 3194 non
864 3125 967 3194 stulta
988 3129 1108 3219 puella,

230 3228 371 3299 Garrula
391 3249 464 3299 eum
483 3229 614 3298 blandis
634 3227 753 3298 dieItur
772 3227 855 3299 Iaera
875 3227 970 3299 dolis
1206 3223 1209 3230 “

215 3427 259 3478 ³6.
277 3422 339 3479 beri
352 3423 389 3482 N.
400 3421 454 3484 Hir.
468 3424 501 3477 G.
514 3426 552 3479 H.
566 3423 597 3480 V.
609 3423 648 3481 11.
717 3425 762 3478 37.
781 3424 869 3473 truoer
885 3436 920 3491 r.‚
938 3425 1012 3476 entes
1029 3423 1063 3476 n.
1082 3421 1162 3478 seinis
1180 3443 1219 3498 ru,

147 3505 220 3564 tanis
241 3509 274 3560 (i.
292 3524 335 3574 pr.
352 3523 388 3561 m.
407 3509 444 3562 N.
461 3507 515 3562 nt.
533 3510 572 3565 H.
593 3507 624 3564 V.
641 3505 697 3575 11.,
722 3502 808 3562 aerio
826 3505 861 3564 n.
877 3507 930 3576 11.,
954 3505 1021 3560 einis
1040 3523 1063 3560 a.
1081 3524 1118 3568 aa.
1131 3511 1168 3564 N.
1193 3516 1221 3566 ai

150 3607 201 3648 om.
221 3590 252 3645 V.
277 3599 304 3642 et
328 3589 463 3659 inhospita
481 3594 517 3646 It.
535 3591 570 3652 11,
587 3593 627 3648 Μ.
651 3589 723 3658 grais
747 3593 782 3645 N.
801 3588 854 3642 Hb.
872 3592 908 3646 Ii.
993 3595 1037 3650 38.
1056 3589 1095 3660 et]
1113 3611 1165 3662 qua
1183 3599 1225 3652 Π.

149 3679 287 3748 „curtatas
300 3673 338 3728 oi.
351 3679 484 3743 enatantes
497 3672 656 3735 V.“Heioa.
705 3679 749 3732 39,
763 3674 820 3727 tulo
831 3688 856 3728 r.
905 3675 948 3730 40.
961 3674 1033 3729 Hine
1041 3677 1072 3736 P.
1117 3681 1161 3734 tr.
1174 3695 1223 3734 na·

150 3759 222 3830 potis
238 3764 276 3813 Η.
341 3760 386 3813 42.
407 3768 481 3814 aetna
496 3761 531 3813 D.

218 3843 327 3911 xxm,
345 3848 370 3901 i.
388 3841 463 3896 vobis
475 3845 511 3904 1).
530 3841 618 3910 perite
634 3859 677 3911 pr.
688 3859 724 3900 or.
735 3842 790 3904 HI.
848 3849 875 3900 2.
894 3847 935 3898 tot
951 3861 1002 3899 ora.
1013 3845 1053 3902 tr.
1115 3851 1142 3904 3.
1160 3863 1225 3901 oon..

150 3931 212 3984 dam
225 3933 258 3985 e.
276 3927 388 3983 naribus
402 3931 433 3988 V.
450 3929 603 3984 decreverat
618 3928 672 3991 Hir.
723 3932 750 3990 4.
766 3927 833 3998 non]
850 3930 929 3982 modo
945 3929 1079 3986 a.m.Hd.
1132 3936 1158 3986 s.
1175 3935 1228 3990 ilie

150 4018 225 4073 r.N·
266 4020 321 4072 -10,
341 4030 510 4085 permaruere
521 4013 576 4070 ut.
632 4022 674 4070 11.
694 4013 795 4068 suerint
808 4019 845 4074 N.
897 4020 939 4072 13.
958 4018 993 4068 At
1010 4019 1042 4074 V.
1093 4017 1135 4074 ii.
1156 4019 1228 4074 bona

154 4101 346 4158 (111111
370 4097 460 4169 nobis]
485 4101 563 4156 bonis
585 4099 639 4156 HI.
664 4117 709 4170 pr.
726 4118 761 4155 an.
850 4104 893 4158 15.
914 4102 970 4156 dixi
993 4108 1031 4160 N.
1049 4101 1102 4157 Hit.
1120 4105 1156 4160 D.
1172 4107 1228 4176 IL,

152 4184 220 4240 dixti
232 4203 258 4240 r.
276 4184 437 4242 oeavamna
448 4189 484 4242 N.
495 4187 549 4242 HI.
560 4204 597 4257 tt,
615 4187 778 4245 cenubium
788 4189 839 4258 td,
853 4189 1022 4246 coeuntium
1035 4193 1069 4244 n.
1122 4195 1165 4245 17.
1177 4193 1228 4245 do.

152 4274 211 4328 lena
228 4274 265 4326 N.
286 4271 319 4324 G.
335 4273 371 4330 n.
390 4287 434 4341 a.,
458 4274 507 4343 „t
525 4271 646 4330 roiana“
671 4276 723 4343 r„
748 4277 839 4332 robae
856 4277 933 4336 Pera.
1004 4281 1047 4334 18.
1067 4276 1170 4332 Garun
1188 4294 1228 4349 aa,

155 4358 271 4419 Gaetula
287 4357 322 4413 11.
342 4357 448 4415 ducitur
465 4360 502 4416 N.
521 4360 557 4417 It.
572 4359 606 4418 Δ.
625 4358 707 4433 dolia]
726 4377 801 4434 „pro
820 4359 982 4433 tuentio,
1000 4359 1066 4419 Iouis
1083 4362 1161 4418 Pero.
