2822 4976
229 515 231 521 Α
280 452 285 463 ·
353 452 442 522 capue
459 451 507 506 vt.
540 451 583 506 ua
601 450 760 506 ettennon
778 453 919 522 Propertii.
958 525 962 530 ι
1093 436 1185 518 257,

98 619 156 682 llio
178 619 266 683 etiam
285 629 406 701 praeter
427 618 648 701 disquisitiones
666 620 782 684 Alberti
805 619 978 698 arcontii,
1001 622 1039 688 de
1061 623 1166 706 quibos

98 705 137 768 1.
149 706 173 767 Ι
188 705 262 787 Gap
277 706 302 768 Ι.
317 705 492 779 rettulimus,
510 705 655 793 epistolae
671 716 771 769 extant
785 669 1044 785 Velolteua’rii,
1059 711 1164 778 Was-

97 791 347 892 sonbergbii,
367 790 575 868 Hoeulitii,
595 790 768 872 Eldplii,
791 794 895 874 quibus
918 795 1064 876 frequenti
1084 813 1163 858 eom

95 878 210 939 mersio
238 877 351 941 subitos
384 875 559 940 emendandi
588 886 709 941 senatus
744 881 1007 956 eommunioareut‚
1038 881 1088 946 uel
1124 879 1161 946 de

96 963 317 1030 communicatis
355 969 508 1026 sensuram
542 971 676 1042 agerent.
737 965 819 1027 Inter
854 983 927 1046 quas
963 965 1163 1032 Hoeulltii

94 1050 323 1111 commentarios
356 1047 490 1130 perditos
524 1065 591 1112 esse
619 1047 801 1125 doleremus,
836 1051 893 1112 nisi
922 1053 1032 1115 ambitu
1065 1053 1160 1132 magis

15 1208 18 1212 Ι
95 1149 187 1214 quam
208 1135 358 1215 pronitate
380 1134 538 1198 eminuisse
559 1151 611 1197 eos
633 1135 764 1196 eodioilli
785 1144 980 1211 testarentur,
1002 1138 1033 1201 Ιιι
1054 1133 1159 1219 quibus
1241 1162 1244 1171 ¹
1355 1173 1359 1183 .

93 1219 255 1284 Suetonius
283 1220 388 1282 multas
415 1221 477 1282 eius
506 1220 717 1301 explieatioues
743 1219 910 1300 redarguit,
938 1239 1089 1286 nectare
1112 1223 1159 1287 le-

93 1305 260 1381 tiuitaten,
295 1323 353 1386 qua
385 1303 541 1368 socordius
569 1306 622 1369 ille
651 1308 804 1380 utebatur,
840 1309 981 1386 castiget,
1013 1307 1159 1374 interdum

96 1391 188 1454 etiam
217 1393 337 1454 iuuenta
358 1392 476 1473 probet.
518 1391 558 1455 At
570 1409 616 1454 ue
636 1391 793 1474 Eldylrii
821 1393 937 1474 quidem
964 1395 1159 1474 oouieotutat,

94 1475 134 1538 de
158 1477 264 1558 quibus
285 1477 451 1540 Sunteuius
462 1477 560 1539 mitius
582 1479 742 1554 sentiebat,
769 1477 1013 1542 Rubnlrauius
1035 1497 1158 1561 maguts-

92 1579 169 1662 pere
187 1563 352 1662 ..probauit
394 1563 469 1628 Sunt
498 1563 574 1626 euim
597 1563 729 1645 plurima
753 1563 930 1640 anteriora,
964 1583 1051 1648 ιιιιιιιι
1080 1585 1158 1647 quae

91 1649 252 1726 ingeniosa
271 1648 368 1728 possis
389 1647 500 1711 disere.
540 1649 588 1712 Ita
609 1648 742 1712 eodieum
756 1651 883 1730 uestigia
903 1651 1051 1716 deserunt.
1094 1647 1157 1716 Neo

93 1735 206 1796 oertius
235 1733 305 1816 quid
335 1733 372 1797 de
394 1734 722 1814 Wasseubergbio
752 1737 845 1798 ausim
873 1735 1041 1813 altirnrare,
1070 1755 1156 1818 quem

92 1837 200 1883 nouam
226 1821 382 1886 editionem
403 1837 467 1882 oum
487 1821 627 1884 breuibus
650 1822 904 1898 annotationibus,
926 1821 965 1884 ad
987 1824 1154 1888 Graecos

93 1907 220 1969 maxime
247 1905 449 1987 Propertii
476 1905 605 1969 loutes
631 1907 823 1970 illustrandos
850 1909 1031 1985 instituisse,
1058 1911 1155 1989 speei-

92 2008 159 2052 men
180 2009 234 2053 ms.
256 1992 347 2053 luta-ri
366 1991 438 2054 libri
460 1990 594 2054 declarat
613 1992 675 2072 (bt.
697 1992 726 2069 Ι,
750 1997 778 2056 l.
799 1999 829 2056 2.
851 2012 945 2076 usque
966 1993 1054 2060 adt
1077 1997 1154 2074 ll.,)

93 2077 177 2139 ouius
197 2078 228 2138 in
251 2091 352 2138 eorum
377 2078 510 2140 lotorum
532 2079 773 2158 interpretatione
794 2081 1015 2142 meminerimus.
1058 2079 1159 2144 Fon·

92 2162 209 2227 teiuii
236 2164 458 2227 obseruationes
485 2165 584 2243 magui
609 2165 681 2228 terit
703 2165 921 2227 Hostilius
951 2166 1059 2248 (Epist.
1088 2167 1154 2230 orit.

40 2259 41 2262 ’
92 2265 123 2328 ιι.
146 2253 177 2310 2.
199 2267 230 2329 ιι.
242 2247 335 2324 6.4),
361 2251 412 2330 qui
434 2267 485 2312 eas
507 2251 688 2314 aSautenio
711 2251 849 2313 babebat.
893 2252 959 2329 Quo
983 2251 1077 2330 magis
1100 2252 1153 2314 do-

90 2333 201 2408 lomus,
232 2334 309 2414 quod
331 2351 394 2396 oum
417 2333 525 2397 edendi
547 2336 576 2396 ei
601 2335 683 2399 faeta
705 2346 783 2399 esset
802 2345 950 2418 potestas,
979 2339 1047 2400 aliis
1074 2338 1153 2402 euris

92 2418 199 2484 exinde
220 2421 346 2483 intentus
367 2439 469 2482 munus
494 2420 570 2482 illud
597 2423 738 2501 neglexit.
781 2421 859 2498 Quid
888 2424 964 2484 enim
985 2423 1153 2486 lluseblrius

89 2507 288 2589 praestiturus
307 2505 406 2582 luerit,
427 2507 453 2568 si
475 2514 566 2568 totum
580 2523 612 2568 se
628 2507 666 2569 ad
679 2506 864 2587 Propertium
882 2509 1091 2589 applicuisset,
1104 2527 1153 2572 so-

89 2593 130 2656 tis
152 2599 182 2653 ot
194 2591 342 2655 Analecta
358 2593 421 2656 eius
443 2591 730 2668 demonstrantem
752 2592 865 2666 critica,
887 2611 974 2673 quum
992 2595 1154 2670 litteraria,

90 2685 122 2740 et
134 2677 282 2754 Tibullus,
296 2687 326 2741 et
339 2678 468 2759 epistole
481 2679 545 2751 illa,
558 2679 688 2758 quamuis
703 2679 811 2740 aurbitu
825 2679 942 2757 exigna,
957 2698 1015 2760 que
1029 2679 1153 2760 primum

90 2763 271 2827 Graecorum
291 2764 510 2864 comparatione
529 2765 668 2827 Umbrum
688 2759 808 2846 poetam
825 2765 979 2827 illustrare
1000 2771 1152 2844 coeperat.

89 2849 126 2910 Iu
147 2849 204 2910 boo
227 2851 302 2912 enim
323 2852 388 2913 uiro
411 2851 502 2912 multa
527 2849 654 2914 eruditio
676 2851 843 2930 sagacitate
863 2851 953 2912 animi
974 2860 1003 2914 et
1030 2851 1153 2930 elegan-

86 2935 133 2996 tia
158 2951 218 2998 nou
242 2934 402 3010 mediocri,
430 2945 491 2998 tuut
517 2953 591 2998 uero
620 2940 708 3000 etiam
735 2937 840 3017 lepore
868 2936 994 3016 quodam
1023 2935 1151 3000 iuoundo

87 3021 132 3082 ita
155 3031 220 3084 erat
245 3030 421 3101 temperata,
448 3030 481 3085 ut
506 3021 565 3082 iam
586 3041 645 3085 una
666 3023 721 3085 illa
743 3021 925 3102 disquisitio,
948 3040 1007 3104 qua
1027 3021 1075 3083 ΕΙ.
1097 3023 1152 3099 ΙΙΙ,

86 3110 125 3180 9,
154 3109 208 3183 48,
238 3107 417 3182 emendarit,
449 3107 613 3189 perfeetum
644 3117 769 3174 testetur
803 3109 945 3171 enititum.
1000 3109 1152 3172 Nonnulla

87 3192 177 3270 etiam
205 3210 315 3273 operae
340 3193 419 3255 haud
447 3193 632 3274 spernendae
656 3202 725 3276 post
750 3195 946 3258 Βιιιιιιιιιιιιιιιι
974 3192 1056 3256 Gbr.
1076 3193 1152 3258 Ba·

87 3277 197 3340 obius
226 3279 412 3358 periclitatus
440 3287 498 3352 est,
524 3280 661 3362 Epistola
688 3281 753 3342 orit.
775 3278 815 3342 ud
835 3278 1038 3343 Eiolstadium
1060 3281 1155 3344 missa

86 3363 447 3428 (tormentabas
474 3367 575 3429 neseio
596 3367 756 3447 quantula
778 3365 826 3429 aui
847 3365 1004 3442 aesiderit,
1029 3365 1150 3466 utplus

85 3467 174 3530 quam
195 3450 317 3528 triginta
338 3467 430 3511 annos
452 3469 529 3514 noua
551 3451 686 3515 recensio
708 3452 819 3514 frustra
845 3454 884 3515 sit
906 3459 1077 3532 expectata,
1104 3455 1150 3515 iu-

85 3537 262 3615 terpretatio
286 3553 375 3610 uero,
404 3553 479 3626 quae
505 3540 653 3619 provectis
680 3538 726 3601 bis
753 3537 859 3601 studiis
879 3537 971 3616 digna
989 3538 1151 3615 uideretur,
1224 3574 1226 3578 -

84 3639 180 3701 usque
202 3621 240 3682 ad
268 3621 342 3682 baeu
363 3631 507 3702 tempora.
549 3623 622 3686 Nam
647 3625 888 3688 Kuinoelium
916 3634 1016 3686 taoere
1045 3624 1150 3686 melius

83 3717 146 3780 est,
179 3724 217 3768 no
242 3705 419 3770 alucinantis
447 3709 648 3788 oernpilatoris
679 3708 803 3772 loeda
795 3712 912 3773 rnouria
936 3711 1021 3773 nobis
1051 3703 1150 3786 bilem,

83 3791 245 3855 tertoribus
276 3793 401 3854 taedium
430 3804 554 3857 moreat.
598 3796 657 3874 Qui
685 3794 762 3858 adeo
791 3813 849 3858 nou
875 3796 970 3857 solnm
998 3795 1150 3860 doetrinae

84 3895 207 3957 expers,
237 3877 290 3940 sed
318 3879 443 3941 Latinae
469 3880 590 3958 linguae
611 3881 693 3943 rudis
716 3882 787 3955 luit,
813 3891 845 3944 ut
873 3899 912 3944 ne
939 3883 1149 3964 transscriptas

83 3963 202 4043 quidem
221 3981 258 4026 ex
278 3965 385 4026 alienis
401 3965 507 4066 opibus
525 3967 779 4032 obseruationes
771 3985 835 4048 ipsa
855 3967 1047 4046 intelligeret.
1092 3967 1151 4034 Cu·

82 4049 128 4111 ius
152 4051 198 4110 rei
225 4051 422 4130 exemptum
414 4067 539 4114 totmaue
569 4051 701 4114 dedimus
731 4051 769 4116 ad
792 4053 839 4114 ΕΙ.
859 4054 909 4129 IV,
931 4057 969 4128 S,
991 4058 1044 4118 44.
1088 4054 1149 4118 Ne·
1201 4075 1214 4092 ³

83 4153 141 4215 qne
162 4135 256 4214 igitur
278 4147 329 4200 aut
350 4137 530 4201 Kuebelii
556 4148 608 4201 aut
634 4139 900 4202 Strombeolrii
927 4141 1150 4221 interpretatio·

82 4238 136 4284 nes
161 4221 373 4298 Germanicae,
401 4241 478 4303 quae
506 4224 698 4287 Bartbiamam
726 4225 867 4300 maxime,
895 4227 916 4287 i.
943 4244 968 4288 e.
994 4226 1149 4289 Gottiu

82 4323 238 4384 pensem
267 4308 600 4381 editionema.1762,.
628 4311 779 4386 referunt,
808 4312 898 4374 sertis
929 4313 1016 4393 quasi
1041 4311 1149 4374 tunda-

82 4393 186 4458 mentis
208 4395 264 4458 uiti
277 4403 425 4478 poteraut,
445 4395 586 4466 uselli.
607 4356 783 4475 Vossius,
806 4399 857 4480 ιιιιΙ
877 4399 1153 4480 interpretationem
1182 4397 1184 4403 '

909 4503 948 4566 tt
