2806 4974
176 429 179 436 Δ
212 341 290 422 216
543 337 736 418 Quaestionum
753 358 836 414 Liber
854 357 958 414 tortior.

214 529 381 614 exploratis
408 527 652 612 ingrediendam,
680 529 721 594 ad
754 530 837 594 cuius
864 529 951 596 inem
980 531 1040 595 iam
1069 529 1101 594 in
1128 529 1288 614 prooemIo
1351 485 1354 496 ¹
1390 499 1391 546 3

189 617 469 702 interpretabaris
490 617 684 682 Germanicae
705 635 734 698 p.
759 619 807 682 15.
830 615 955 697 digitum
975 617 1164 682 intendimus,

316 707 444 770 Primum
473 706 551 767 onim
576 706 633 766 hoe
663 713 776 766 certum
797 713 843 767 est
869 712 899 767 ot
925 713 1010 767 extra
1031 721 1145 766 omnem
1169 700 1287 765 dubite-
1390 771 1391 774 Ἴ

211 791 303 856 tionis
326 792 420 854 aleam
441 791 587 872 positum,
610 798 769 852 extremum
789 789 897 852 librum
916 806 975 852 non
996 809 1016 852 a
1035 799 1127 872 poeta
1147 790 1218 870 ipso
1238 806 1288 850 rn-

211 880 353 959 perstita,
387 875 441 940 sed
471 893 545 957 opus
580 885 744 956 postumum
778 877 816 937 ab
847 876 967 953 amicis,
1001 886 1053 962 aut
1079 876 1192 957 quibus
1220 872 1289 936 aliis

214 962 272 1026 boc
293 981 396 1026 munus
416 962 569 1040 obtigerit,
587 963 618 1022 in
639 961 735 1023 lucem
754 961 863 1025 editum
882 979 958 1026 esse.
1000 960 1034 1023 In
1055 963 1112 1024 boc
1134 978 1197 1023 uno
1217 976 1288 1022 con-

214 1049 360 1124 sentiunt,
388 1050 439 1129 qui
461 1047 499 1110 de
521 1065 558 1110 ea
586 1065 620 1110 re
637 1041 782 1111 dixerint
810 1063 925 1110 omnes:
950 1037 1090 1110 Boethius
1110 1047 1172 1112 Vit
1195 1047 1287 1127 Prop.
1390 1077 1391 1088 κ

213 1151 244 1218 p.
264 1134 432 1198 LXXXIII.
453 1133 632 1197 Lachmann.
655 1133 692 1196 ad
713 1132 761 1195 EI.
774 1133 810 1208 V,
829 1137 858 1197 I.
881 1133 1015 1212 inscript.
1035 1132 1171 1197 Paldam.
1191 1131 1287 1214 Epist.

81 1239 89 1245 ’
216 1219 345 1286 dedicat.
375 1221 406 1282 in
434 1221 571 1302 Propert.
600 1237 631 1299 p.
651 1219 722 1294 Xl.,
752 1217 830 1281 idem
859 1217 897 1281 de
922 1217 1018 1282 Erott.
1040 1219 1155 1282 Romm.
1177 1235 1210 1298 p.
1233 1222 1285 1281 to.

215 1324 245 1370 n.
265 1309 319 1371 99.
342 1306 503 1373 Weicbert.
527 1303 564 1368 de
584 1304 690 1368 Hostia
712 1314 817 1385 poeta,
836 1322 869 1366 n.
889 1304 920 1368 5.
963 1304 1079 1368 Etenim
1100 1314 1162 1368 tam
1187 1301 1288 1369 diter-

167 1397 171 1406 “
215 1409 316 1463 rorum
345 1410 488 1472 generum
517 1399 547 1454 et
572 1398 736 1473 temporum
757 1391 871 1472 scripta
897 1389 1042 1467 continet,
1071 1408 1159 1472 quam
1189 1389 1286 1452 nullus

214 1477 416 1559 reliquorum,
450 1479 530 1540 inter
558 1494 635 1557 quae
665 1477 752 1538 etiam
781 1493 835 1539 eac
862 1485 998 1540 servatae
1026 1487 1093 1541 snut
1119 1475 1287 1539 studiorum

213 1565 380 1646 primitiae,
407 1582 481 1646 quas
508 1564 603 1645 ipsum
631 1571 749 1643 poetam
776 1571 883 1644 postea
909 1562 1093 1642 improbasse
1118 1561 1289 1643 complures

215 1658 362 1713 testantur
382 1650 444 1713 loci
467 1647 521 1725 (el.
541 1648 674 1725 Quaestt.
694 1649 732 1710 L.
753 1646 778 1710 I.
802 1647 875 1729 Gap.
895 1647 932 1712 V.
954 1648 1004 1711 Vl.
1025 1649 1062 1710 L.
1084 1646 1122 1709 11.
1148 1648 1226 1728 Gap.
1247 1646 1286 1709 ll.

72 1813 75 1822 k
178 1807 180 1810 ,
214 1738 314 1817 1³55.
333 1735 512 1818 Gravia).
555 1732 1287 1816 uan‚quae1t0uuuusrequaerisyuauisrer-

214 1837 298 1884 auum
328 1819 582 1884 terminationibus
615 1820 755 1902 protulit,
790 1827 822 1882 nt
851 1820 1031 1882 contrarium
1059 1818 1287 1894 demonstraret,

212 1905 268 1970 bas
296 1924 394 1970 meras
417 1923 483 1970 esse
505 1923 615 1984 nugas,
639 1923 677 1967 ex
696 1906 764 1968 Lib.
785 1904 826 1966 Il.
848 1903 920 1985 Gap.
941 1903 990 1969 VI.
1014 1903 1117 1988 §dpbls
1146 1905 1285 1969 extremis

215 1992 289 2055 satis
319 1993 503 2074 apparuerit.
554 1992 673 2054 Moesto
705 1991 781 2052 'enim
811 1998 842 2053 et
874 1990 966 2052 debili
995 1992 1100 2070 generi
1127 1991 1286 2070 longiores

211 2076 283 2139 illos
312 2081 406 2140 exitus
435 2095 592 2158 perquam
608 2075 858 2150 accommodatos,
886 2077 1107 2139 narratIonibus
1136 2087 1236 2140 autem
1258 2084 1287 2139 et

213 2163 324 2225 sedatis
348 2163 584 2243 expositionibus
605 2163 803 2224 alienissImos
826 2179 909 2238 esse,
923 2169 1011 2225 reete
1032 2163 1091 2224 ianr
1114 2161 1285 2227 observarit

211 2247 370 2311 Paldamns
388 2247 440 2327 (do
454 2250 550 2312 Eroti.
565 2247 676 2310 Romm.
716 2247 818 2324 .69.).
860 2247 962 2325 Quid?
984 2247 1063 2330 quod
1085 2261 1155 2314 anto
1176 2249 1285 2312 amoris

215 2339 351 2414 tempora
372 2334 448 2397 baec
469 2333 590 2399 condita
609 2351 674 2396 esse
693 2267 837 2397 datalia
856 2343 961 2415 aperte
982 2333 1117 2397 declarat
1135 2335 1285 2417 posterior

211 2419 303 2500 primi
323 2420 460 2482 earmInis
484 2437 572 2501 pars,
596 2437 688 2501 qnam
709 2419 892 2502 prooemium
912 2418 1005 2483 futuri
1030 2422 1130 2501 operis
1155 2421 1285 2484 destina·
1389 2433 1390 2504 t

213 2512 275 2568 tam
295 2524 386 2587 sopra
412 2506 640 2584 significavimus
664 2508 707 2587 (p.
729 2506 807 2582 bb).
850 2506 913 2568 Ilao
936 2505 1026 2581 enim,
1054 2524 1143 2587 qucum
1171 2524 1282 2587 nequa·
1389 2523 1390 2594 ἐ

213 2607 303 2671 quam
335 2592 474 2654 simulata
506 2590 706 2656 sollicitudine
735 2593 864 2672 scriptae
888 2591 984 2672 priori
1012 2593 1092 2672 parti
1124 2590 1281 2674 postmodo
1389 2597 1390 2618 ¹

211 2674 360 2739 adlecisse
385 2677 573 2759 Propertium
600 2678 804 2740 Lachmannus
830 2684 911 2739 recle
938 2679 1091 2759 perspexit
1112 2679 1168 2756 (ad
1188 2697 1214 2741 e.
1236 2677 1282 2757 I),

211 2771 304 2842 poeta
324 2761 392 2826 ficto
412 2763 581 2845 Horosoopi
601 2764 718 2825 nomine
737 2763 852 2826 uelatus
873 2763 937 2843 ipse
958 2764 1086 2843 pristIna
1108 2783 1164 2827 sua
1186 2763 1282 2827 studia

211 2846 341 2910 irrideus
370 2849 445 2912 talia
475 2850 591 2930 profert
618 2847 688 2910 inde
711 2867 777 2911 ur.
802 2849 890 2922 135„
918 2866 1012 2928 quae,
1041 2849 1122 2929 quod
1152 2852 1280 2913 loturum

210 2934 298 2998 vorbi
319 2943 432 3016 tempus
455 2933 589 2998 declarat
610 2934 757 3014 (militiam
776 2935 901 3000 Venerin
919 2935 1071 3015 patiere
1091 2969 1136 2980 -·-
1155 2934 1279 3003 Veneris

80 3019 85 3028 '
212 3020 316 3100 pneris
342 3021 437 3085 bostis
466 3021 610 3083 eris-
631 3019 772 3082 Eludet
798 3019 911 3100 palmas
937 3020 1041 3100 puella
1060 3054 1103 3066 —
1124 3023 1177 3085 Nil
1205 3021 1279 3084 erit

210 3103 271 3168 boc
290 3139 335 3150 -
354 3114 385 3169 ta
411 3114 561 3189 premet
583 3124 658 3168 ansa
678 3139 722 3150 -
739 3105 826 3168 Illius
849 3105 974 3167 arbitrIo
994 3116 1168 3187 noctemque
1190 3107 1280 3169 diem·

213 3205 273 3270 quc
291 3189 444 3255 ridebis
462 3228 505 3242 —
526 3191 614 3254 Gutta
634 3192 745 3255 cadet
764 3227 807 3238 -
825 3191 889 3254 Nec
908 3190 988 3253 mille
1007 3193 1149 3256 excubiae
1170 3194 1279 3257 iura-

211 3273 328 3358 bunt),
346 3276 444 3338 omnia
462 3277 716 3341 uaticinantis
736 3274 823 3338 modo
841 3275 922 3338 edita
940 3294 1039 3339 onnes
1059 3278 1137 3341 seles
1153 3295 1277 3343 omnem-

101 3433 104 3448 Ι
211 3376 272 3442 quo
292 3361 463 3441 sanguinem
484 3360 658 3442 perderent,
678 3363 705 3423 si
724 3361 901 3444 principium
918 3365 1055 3425 carminis
1075 3376 1144 3445 post
1164 3365 1276 3428 initium
1389 3443 1390 3448 ἵ

210 3447 341 3522 amorIs,
363 3454 433 3524 ant,
459 3447 490 3509 id
511 3446 592 3528 quod
619 3447 712 3510 maius
741 3456 802 3524 est,
828 3456 898 3529 post
925 3447 1009 3511 finem
1036 3449 1112 3512 adeo
1141 3453 1277 3531 scrIptum
1389 3457 1390 3472 ¹

210 3547 280 3594 esse
300 3530 686 3596 Nobbio'ooncederemns.
728 3532 794 3609 Quo
822 3542 918 3594 autem
945 3535 1067 3616 propius
1097 3537 1184 3599 buins
1212 3551 1276 3597 oar·

210 3617 299 3680 minis
326 3619 450 3700 scriptio
479 3617 519 3680 ad
545 3626 675 3697 tempus,
701 3635 759 3698 quo
782 3617 935 3697 cynthiam
956 3625 1129 3699 cognoverit
1149 3623 1277 3702 Proper·

210 3701 286 3776 tius,
308 3703 447 3782 accedat,
470 3721 506 3767 eo
528 3703 668 3766 maiorem
689 3703 838 3766 irrisionis
859 3706 917 3768 uim
938 3720 1020 3782 esse,
1041 3723 1138 3788 eoque
1159 3707 1273 3771 lacibus

210 3787 359 3867 intelligi,
387 3806 440 3852 our
470 3797 561 3871 poeta
587 3789 642 3852 cub
668 3791 748 3868 magi
777 3790 861 3852 istius
888 3807 1017 3870 persona
1041 3792 1073 3853 in
1101 3812 1157 3856 sna
1183 3792 1274 3874 ipsius

101 3909 103 3913 ,
210 3871 427 3954 quodammodo
448 3876 566 3940 neaera
586 3875 699 3938 sacbiat
716 3883 822 3955 patet.¹
851 3875 919 3953 Qua
941 3878 1007 3939 sola
1030 3894 1121 3940 causa
1140 3888 1208 3961 post
1226 3891 1274 3938 re-

209 3957 296 4038 liana
321 3959 452 4024 eiusdem
478 3960 597 4040 generis
618 3960 750 4022 earmina
771 3962 816 4034 (2.
833 3963 864 4023 4.
883 3965 913 4025 9.
932 3967 983 4026 10.
1004 3962 1043 4025 cf.
1062 3962 1136 4045 Gap.
1149 3966 1200 4044 V.)
1218 3963 1272 4024 boo

102 4040 109 4055 ”
209 4044 409 4110 Romanorum
423 4037 553 4107 Αἰτίων
578 4048 760 4128 prooemium
782 4047 972 4128 compositum
999 4065 1065 4111 esse
1086 4047 1270 4115 divinaverit.

12 4125 13 4136 ’
174 4191 177 4198 ,
209 4129 263 4194 Sic
291 4139 388 4194 antem
415 4131 467 4210 qni
494 4132 650 4205 coniiciat,
676 4139 758 4194 recte
780 4149 844 4194 eum
871 4133 1036 4208 coniicere,
1064 4152 1167 4199 rersus
1189 4133 1269 4197 buius

210 4215 331 4294 elegiae
360 4217 463 4279 tertius
492 4213 595 4293 docet,
622 4217 691 4291 nbi,
719 4233 783 4278 cum
804 4218 953 4296 Apollinis
981 4219 1112 4284 Palatini
1136 4223 1270 4285 Actiacae

209 4318 329 4383 pugnae
349 4301 471 4369 uictoris
491 4303 599 4369 mentio
618 4301 686 4378 dat,
708 4311 778 4366 ante
799 4303 869 4365 anni
891 4307 962 4369 726.
983 4303 1114 4386 initium,
1139 4325 1197 4392 qno
1221 4302 1269 4367 de·
