2762 4972
227 325 279 402 66
320 321 322 326 ’
542 335 735 398 Quaestionum
752 336 835 394 Liber
855 336 999 394 secundus.

200 577 205 589 ,
237 512 347 580 sutor.
388 511 445 578 ffio
462 501 539 578 euim
555 526 595 576 ex
612 509 772 577 subtilibus
789 512 852 578 illis
869 508 1186 594 argumentationibus,
1201 511 1302 596 quibus

237 618 344 666 noram
370 599 516 663 rationem
543 597 646 662 amicis
673 601 805 681 probare
826 601 907 676 nult,
936 599 1028 663 facile
1054 606 1194 681 apparet,
1220 617 1302 680 qnam

237 704 344 771 parum
363 686 445 750 serio
464 701 546 748 mens
566 685 596 746 ei
616 683 719 750 dedita
736 686 838 751 luerit.
879 684 985 767 Neque
1002 685 1078 748 euim
1091 685 1141 748 diu
1162 685 1303 762 sustinuit,

240 791 306 836 eum
334 781 440 835 contra
465 771 496 834 in
521 770 664 850 Cynthiae
691 790 793 836 amore
819 781 899 837 totus
928 772 977 836 sit.
1024 771 1185 835 Praebeo
1211 774 1304 834 omniu

244 857 370 922 sordere
391 856 449 920 sibi
470 856 514 919 ait
535 855 580 935 (l,
602 859 655 934 14,
672 863 724 925 23.
745 858 783 935 ΙΙ,
807 861 858 936 14,
876 862 927 922 23.
948 855 1001 934 lll,
1020 861 1052 935 2,
1069 855 1146 936 ll),
1168 857 1230 920 siue
1250 859 1303 920 boc

240 946 331 1010 uitam
358 942 512 1022 indignam
533 941 580 1021 (l,
603 945 660 1020 14,
679 943 761 1024 lb),
788 961 845 1008 nec
871 945 988 1007 maiora
1016 961 1049 1006 se
1076 953 1214 1024 expetere
1240 944 1304 1006 boio

241 1032 321 1094 sitae
342 1028 438 1092 solum
458 1037 557 1110 aptum
580 1028 626 1108 (Ι,
647 1033 685 1106 6,
708 1035 760 1094 24.
782 1031 842 1108 ΙΠ,
861 1034 894 1094 4.
915 1030 964 1093 liu.
986 1029 1032 1106 ll,
1052 1031 1090 1105 1,
1111 1031 1164 1094 45.
1172 1051 1181 1103 ;
1202 1028 1304 1092 lortius

109 1143 111 1148 v
243 1118 333 1180 etiam
355 1117 399 1193 ll,
420 1119 454 1192 7,
477 1117 528 1177 14.
549 1113 581 1190 Ι,
601 1118 632 1192 7,
651 1117 683 1181 b.
703 1117 795 1197 sqq).
837 1115 941 1196 Neque
962 1133 1016 1178 nos
1035 1114 1130 1196 ipsam
1151 1115 1237 1178 istum
1255 1134 1304 1178 ne·

242 1203 376 1286 quitiam,
397 1201 446 1264 cui
466 1207 532 1264 tota
551 1202 676 1264 amantis
693 1203 792 1266 anima
812 1201 923 1266 tradita
944 1211 988 1266 est
1009 1201 1054 1280 (l,
1074 1204 1104 1276 6,
1127 1201 1177 1265 25.
1197 1201 1234 1278 ΙΙ,
1255 1204 1303 1274 34,

244 1287 401 1370 b9.sqq.),
417 1303 523 1350 seuera
542 1285 643 1352 fronte
662 1287 872 1371 improbemus.
913 1288 1000 1362 Nam,
1017 1285 1067 1369 qni
1090 1286 1182 1350 semel
1203 1295 1307 1350 certum

243 1375 322 1440 ritae
342 1375 488 1436 rationem
511 1389 593 1435 suam
617 1376 772 1454 professus
794 1383 854 1450 est,
875 1374 968 1458 buno,
994 1373 1021 1435 ai
1041 1370 1161 1435 fortiter
1182 1389 1245 1437 eam
1265 1382 1306 1435 te-

244 1469 314 1524 neat
341 1476 438 1540 neque
465 1461 498 1522 in
525 1457 625 1522 medio
647 1461 755 1524 itinere
782 1459 889 1523 dubius
917 1460 1072 1534 subsistat,
1099 1459 1210 1521 iniuria
1234 1458 1306 1523 ultu-

240 1564 341 1630 peres.
382 1545 473 1625 Atqui
493 1544 669 1627 Propertius
691 1547 766 1610 baec
792 1548 929 1629 priuatae
948 1546 1029 1610 citae
1060 1543 1173 1625 gaudia
1196 1551 1229 1607 ut
1247 1553 1307 1608 tnr-

239 1633 346 1696 barum
371 1631 558 1712 publicarum
588 1631 719 1713 requiem
746 1641 776 1696 et
805 1632 920 1695 saeculi
950 1630 1124 1694 medicinam
1151 1630 1253 1694 laudat
1279 1638 1306 1695 et

242 1719 311 1782 aliis
329 1719 462 1801 probare
482 1713 590 1781 studet.
632 1719 709 1783 ilinc
730 1718 778 1782 ΕΙ.
800 1719 845 1797 11,
866 1720 922 1796 lb,
943 1721 997 1783 40.
1015 1735 1102 1799 sqq:

450 1829 559 1894 Qualem
578 1831 603 1883 si
619 1833 704 1885 moret
720 1833 813 1886 uellent
830 1833 970 1884 decurrere
985 1832 1079 1900 citam,

481 1899 517 1949 Et
532 1901 620 1966 presse·
636 1903 718 1953 molto
734 1901 851 1953 menbra
864 1903 953 1952 iacere
968 1916 1040 1954 meo:

446 1965 510 2018 Noc
527 1967 629 2033 sermons
647 1969 750 2021 enodate
766 1976 835 2022 esset
850 1984 931 2036 neque
949 1968 1042 2020 bellico
1056 1973 1144 2036 ιαιιι,

481 2035 539 2087 Nec
555 2043 650 2089 costra
665 2039 801 2090 Actiacam
816 2043 933 2090 emeret
950 2053 1012 2090 oaao
1030 2053 1115 2092 mare.

241 2156 346 2238 ltaque
364 2157 463 2219 omnia
479 2175 587 2240 poene,
605 2147 656 2222 rel
675 2177 753 2240 quae
769 2161 866 2241 primo
884 2157 1053 2242 inspicienti
1072 2159 1199 2226 maxime
1215 2157 1311 2222 aliena

240 2243 397 2307 rideantur
413 2253 597 2323 argumente,
616 2245 750 2310 adhunc
767 2265 854 2309 unum
872 2263 1003 2311 amorem
1023 2244 1120 2310 uolent
1140 2246 1193 2322 (cl.
1207 2247 1244 2322 ΙΙ,
1258 2249 1307 2308 31.

241 2327 304 2404 ΠΙ,
323 2333 355 2393 7.
376 2327 427 2394 itu.
447 2328 522 2394 ibid.
545 2334 596 2395 ll.
619 2324 682 2409 ΙΙΙ,
701 2336 734 2396 4.
755 2331 840 2410 im),
865 2333 914 2395 bic
940 2332 1027 2396 color
1050 2342 1227 2415 perpetuus,
1252 2345 1308 2411 quo

241 2415 333 2478 animi
354 2415 448 2480 ueluti
475 2417 612 2500 picturae
637 2418 822 2482 circumlitus
843 2416 1018 2502 rideantur,
1042 2418 1103 2484 buo
1127 2415 1308 2502 unumquod-

240 2518 300 2586 que
322 2517 442 2566 carmen
463 2501 495 2566 in
517 2503 619 2568 orbem
635 2503 730 2582 redit,
749 2514 783 2569 ut
801 2522 874 2570 aare
895 2503 994 2570 boas:

448 2618 596 2688 Opotbia
612 2622 703 2690 primo
718 2623 786 2692 soit,
811 2621 956 2691 Opctbic
972 2622 1033 2689 posto
1051 2623 1113 2683 ests.

240 2735 390 2803 Hactenus
417 2750 514 2806 autem
535 2757 575 2806 ne
596 2741 680 2807 duris
702 2743 820 2828 quidem
842 2745 1007 2812 (latoribus
1033 2743 1192 2811 notandus.
1235 2739 1310 2824 Quid

242 2826 320 2888 euim
348 2826 452 2891 intimo
480 2827 595 2893 attide
625 2847 742 2909 amore,
770 2831 842 2914 quid
871 2842 1017 2917 perpetuo
1046 2833 1209 2896 animorum
1236 2847 1313 2895 com·

241 2911 353 2973 mencio
382 2921 435 2977 aut
463 2915 636 2993 amabilius,
663 2926 716 2981 aut
740 2919 910 3000 pulchrius,
938 2928 990 2983 aut
1018 2920 1150 2984 carmine
1172 2911 1310 2998 digniori

241 2993 315 3060 Gom
335 3015 407 3062 sero
429 2999 565 3084 cupidius
588 3004 756 3069 exardescit
779 3005 935 3088 uoluptas,
960 3013 1021 3069 tum
1048 3023 1107 3069 nou
1134 3005 1172 3068 de
1198 3003 1311 3086 pulpito

240 3098 340 3230 ptores
367 3085 538 3234 impone·
559 3098 669 3236 poesi-ae·
697 3107 763 3154 esse
786 3102 944 3192 mement03
971 3107 1040 3192 nam
1064 3099 1095 3155 et
1120 3088 1234 3239 formale
1262 3106 1314 3151 sua

242 3185 369 3336 tid?
388 3177 1050 3360 rftsfltss...¹3¹¹lttdbtdt‘l}
1072 3177 1313 3341 till-<sti

241 3339 358 3404 formae
379 3351 477 3404 autem
498 3341 710 3410 admiratorem
731 3365 797 3412 esse
819 3350 885 3432 quis
907 3351 1071 3426 bominem,
1092 3350 1159 3430 quis
1185 3357 1312 3431 poetam,

242 3425 309 3508 quis
329 3425 518 3511 Propertium
543 3433 645 3496 retetl
686 3433 744 3510 At,
769 3454 937 3519 quanquam
963 3447 1143 3520 praeceptor
1170 3435 1313 3499 bonorum

158 3572 162 3581 ,
242 3529 357 3662 mm
389 3524 484 3666 iffi
510 3533 576 3618 esse
609 3535 670 3667 pop
698 3518 803 3598 debet,
836 3521 966 3604 perdere
993 3531 1092 3624 tamep
1123 3539 1189 3585 eum
1217 3535 1312 3620 mores

243 3645 352 3748 nst.
394 3686 499 3770 a...
512 3619 591 3755 tlt
610 3616 989 3774 blitildis.
1003 3618 1313 3776 ‘ltdtttdlt

241 3787 300 3854 per
320 3790 421 3836 omnes
443 3794 580 3841 numeros
604 3787 634 3842 et
655 3777 759 3842 modos
781 3778 924 3854 alamuosa
944 3777 1092 3845 industria
1115 3778 1314 3863 prosequitur,

243 3869 296 3924 aut
323 3861 485 3927 artificiose
507 3864 644 3946 quaesitu
665 3866 799 3946 nequitia
826 3874 1002 3931 contrectat.
1045 3866 1096 3930 Sic
1119 3867 1211 3942 euim,
1238 3879 1314 3946 quaa

242 3948 275 4010 in
295 3966 383 4010 uuum
402 3949 492 4014 uoluti
519 3953 630 4016 auroris
650 3969 759 4034 corpus
781 3953 938 4016 coniuncta
958 3961 1050 4034 grata
1070 3961 1233 4035 apparant,
1254 3949 1316 4012 dis·

243 4051 348 4098 secare
369 4043 398 4100 et
425 4036 544 4117 singula
567 4037 669 4101 sobrie
691 4055 887 4121 percensere,
911 4038 960 4102 bic
981 4057 1042 4104 non
1062 4056 1147 4102 amor
1171 4047 1235 4116 est,
1261 4030 1313 4099 set

241 4123 420 4200 crudelitas,
448 4143 526 4206 quae
550 4125 581 4186 in
606 4125 717 4187 amoris
743 4125 862 4189 uiscera
888 4125 999 4202 saeuit,
1028 4133 1144 4190 etcum
1165 4141 1199 4188 se
1221 4122 1315 4186 solum

239 4218 271 4274 et
295 4209 447 4274 libidinem
474 4227 534 4274 uon
560 4211 685 4274 amicam
706 4220 828 4292 spectet
855 4219 885 4275 et
910 4220 1004 4287 amet,
1038 4209 1234 4276 masturbauti
1260 4222 1315 4290 po·

235 4297 313 4379 tion,
337 4297 397 4362 uisi
421 4295 549 4382 pudeat,
575 4296 666 4362 talem
685 4297 832 4362 bominem
853 4315 942 4382 quarn
963 4298 1076 4363 amanti
1097 4291 1318 4380 comparaveris
