2834 4972
211 358 272 408 tut

208 527 314 598 saepe
327 516 416 588 errat
430 515 465 576 et
477 511 574 606 quasi
588 510 733 596 fluctuat,
754 513 922 598 perpetuis
940 515 1091 598 poeticae
1110 520 1270 606 etgran-

207 633 348 698 maticae
376 632 516 710 normis,
546 630 590 697 ad
618 651 701 720 quas
727 649 877 718 quaeque
899 634 1068 725 exigeret,
1095 637 1203 722 ipsum
1228 656 1268 704 sc

207 757 390 818 erecturum
417 750 655 818 confidebamus
663 799 673 834 ,
701 770 782 834 non,
813 770 876 838 quo
901 770 1001 820 casus
1029 755 1181 822 fortuitus
1203 753 1267 821 du-

204 879 315 954 caret,
344 877 507 956 secutum,
535 870 597 938 sed
624 852 680 938 uia
708 877 745 964 et*
768 872 896 939 ratione
922 892 1145 962 progressum.
1194 873 1268 941 Hoc

203 987 315 1062 autem
341 991 435 1059 modo
460 1010 525 1058 non
552 990 655 1060 solum
683 992 772 1076 tore,
802 997 839 1058 ut
865 994 968 1058 omnis
993 975 1115 1080 poetae
1140 994 1265 1084 ingenii

204 1115 240 1177 et
261 1111 344 1176 artis
369 1116 488 1180 natura
508 1114 628 1200 optime
647 1109 867 1178 illustraretur
889 1117 923 1178 et
945 1131 1008 1206 uno
1029 1111 1264 1198 quodammodo
1389 1101 1397 1118 '

200 1232 330 1302 ‚obtuitu
358 1234 593 1316 contineretur,
628 1231 708 1314 sed,
739 1228 825 1317 quod
856 1249 957 1315 supra
991 1231 1263 1322 significavimus,

200 1351 404 1440 singulorum
431 1352 530 1418 etiam
556 1351 698 1418 locorum
723 1351 1041 1438 interpretationem,
1067 1357 1118 1436 et,
1146 1352 1179 1418 si
1205 1369 1263 1418 res

200 1471 349 1555 tulisset,
372 1469 630 1540 emendationem
651 1471 701 1544 sic
722 1467 849 1536 demum
870 1476 963 1536 reete
980 1488 1149 1536 cessuram
1170 1487 1261 1539 esse.

197 1590 304 1658 Poeta
323 1595 408 1659 onim
428 1595 502 1678 ipse
522 1594 576 1658 sni
597 1591 743 1677 optimus
757 1593 939 1679 interpres,
961 1561 1267 1678 tantoquerectius=

196 1709 328 1780 dicendi
349 1731 456 1802 genus
477 1711 636 1798 proprium
658 1710 745 1778 illius
768 1717 802 1777 et
823 1683 987 1796 tueberis,
1009 1717 1043 1777 ct
1063 1712 1258 1798 explicabis,

197 1839 318 1918 quanto
340 1831 375 1900 id
398 1831 541 1918 pluribus
564 1837 750 1917 quantoque
773 1832 981 1900 similioribus
1002 1830 1086 1898 locis
1113 1850 1158 1899 ex
1183 1819 1259 1919 ipso

193 1954 344 2038 repetitis
373 1952 601 2021 illustraveris.
645 1948 741 2032 Quot
766 1957 801 2018 ut
826 1953 871 2028 in„
886 1952 984 2024 solita
1005 1955 1259 2018 commentario-¹

138 2109 140 2118 ·
191 2090 263 2137 rum
292 2078 538 2158 perpetuorum,
568 2091 598 2158 q.
619 2069 669 2154 d.,
690 2072 794 2137 forma
815 2073 988 2159 aequabile
1015 2071 1094 2139 illud
1116 2079 1257 2139 annota-

191 2191 314 2258 tionum
333 2185 564 2278 quodammodo
586 2191 712 2279 pondus
734 2209 838 2278 saepe
859 2194 983 2274 turbat,
1011 2193 1118 2280 magis
1144 2199 1255 2258 tamen

190 2307 290 2375 iidem
318 2328 358 2377 ac
382 2312 508 2377 frustra
533 2311 744 2396 laborabunt,
773 2331 844 2378 cunr
871 2311 1019 2378 insolens
1042 2311 1177 2398 aliquod
1199 2311 1253 2378 di-

189 2436 297 2512 ctum,
325 2438 359 2499 et
386 2434 437 2498 cui
466 2433 690 2520 par‘alterum
711 2434 835 2501 frustra
857 2449 1017 2519 quaeras,
1045 2448 1086 2499 ea
1109 2451 1253 2519 propor-

189 2551 280 2619 tione
307 2548 534 2640 explioandum
562 2558 631 2636 cst,
659 2537 724 2639 pua
751 2548 993 2618 aiacilioribus
1021 2559 1055 2620 et
1082 2554 1117 2617 in
1144 2550 1254 2618 medio

187 2673 308 2758 positis
338 2670 382 2736 ad
412 2670 595 2739 difficiliora
628 2690 759 2760 semper
787 2679 822 2738 ct
855 2671 1033 2738 audaciora
1061 2672 1156 2755 quasi
1190 2687 1250 2755 per

185 2790 312 2880 gradus
339 2789 560 2858 ascenditur„
582 2791 677 2858 Talia
700 2793 784 2862 enim
805 2809 908 2878 saepe
928 2808 993 2856 non
1015 2806 1077 2856 uno
1099 2788 1252 2855 alterove

187 2909 335 2997 exemplo
366 2909 601 2993 decernuntur,
636 2908 697 2974 sed
726 2911 858 2998 ingenio
889 2907 1097 3008 eiuratione
1127 2912 1249 2992 poetae

185 3032 270 3097 omni
296 3032 408 3098 intime
436 3037 470 3096 et
494 3033 624 3118 penitus
654 3029 843 3113 exploratis.
887 3024 1068 3108 Quinimmo
1091 3028 1190 3112 spatii
1213 3033 1247 3095 et

95 3157 98 3164 “
183 3150 356 3218 verborum
390 3149 614 3234 compendium
646 3153 761 3213 nostra
792 3147 921 3250 ratione
956 3145 1074 3230 effici,
1093 3149 1246 3233 quamvis

182 3270 328 3338 fortasse
355 3268 549 3353 quibusdum
578 3274 691 3335 contra
711 3267 879 3347 videatur,
907 3271 1030 3333 certum
1053 3273 1130 3332 est·
1158 3269 1244 3334 Nam

182 3407 270 3475 quae
290 3391 483 3456 coniunctim
503 3394 644 3470 tractes,
671 3388 805 3452 brevius
833 3387 962 3454 absolvi
988 3392 1243 3454 consentaneum
1277 3431 1281 3434 -

180 3516 260 3591 est,
274 3527 369 3597 quam
389 3526 475 3597 quae
497 3525 556 3594 per
576 3508 688 3571 varios
707 3506 796 3573 locos
817 3503 991 3592 dissipata.
1035 3507 1081 3573 At
1102 3525 1144 3574 ne
1162 3506 1241 3574 illud

179 3628 309 3715 quidem
315 3677 326 3712 ,
352 3637 388 3696 ut
409 3633 528 3696 iustum
552 3628 704 3695 ambitum
726 3626 945 3692 commentarii
967 3624 1153 3710 explerent,
1175 3641 1240 3692 ve-

176 3729 312 3814 rendum
334 3755 415 3816 erat.
458 3746 513 3814 Ea
535 3749 629 3830 enim,
651 3717 785 3831 quolum
807 3745 993 3831 explanatio
1014 3761 1059 3808 ex
1080 3746 1155 3830 ipsa
1176 3764 1241 3831 po-

177 3869 338 3934 tissimum
363 3869 521 3950 locorum,
549 3868 667 3954 quibus
694 3867 864 3954 leguntur,
892 3868 1009 3929 natura
1038 3870 1072 3929 et
1100 3869 1238 3928 senten-

176 3986 294 4052 tiarum
325 4006 413 4053 nexu
442 3986 623 4074 pendebat,
656 3989 690 4053 in
718 3984 965 4073 quaestionibus
995 3988 1119 4074 tantum
1145 3981 1237 4048 velut

177 4105 280 4196 digito
301 4107 446 4173 indicata
463 4106 631 4196 sigillatim
649 4105 804 4191 deinceps
824 4103 977 4170 exsecuti
996 4119 1118 4166 sumus.
1151 4098 1237 4166 Por-

175 4243 233 4310 ro,
263 4229 411 4314 quonium
442 4246 506 4294 non
536 4227 570 4293 id
603 4228 750 4317 egimus,
785 4226 880 4290 utin
910 4223 1098 4288 universum
1131 4223 1236 4285 artem
