2806 4974
252 343 329 418 222
583 349 775 410 Quaestionum
794 351 876 408 Liber
896 349 1001 430 tertius.
1023 351 1024 356 ’

253 541 314 596 tam
346 545 449 592 nomen
485 526 632 601 auctoris,
660 541 747 606 quam
777 526 857 601 elus,
894 526 943 588 cul
972 542 1064 628 ppus
1080 525 1245 594 dedicatum
1270 543 1317 610 est,

175 683 179 690 ,
251 626 352 700 potest
377 612 565 696 significare.
598 614 776 692 Utrumque
786 613 862 673 enim
891 615 1029 714 quoniam
1054 614 1085 676 iu
1114 617 1199 680 titulo
1228 621 1319 682 notari

252 703 385 779 solebat,
406 699 587 782 praepositio
610 698 676 760 sub
698 699 850 778 propriam
873 717 955 760 suam
974 703 1032 763 rim
1053 713 1161 767 seruat.
1207 704 1299 781 Quo
1291 725 1319 767 m

251 805 363 869 genere
390 789 517 870 plurima
538 785 650 847 collata
670 784 737 846 uide
758 803 777 844 a
799 784 966 847 Burmauno
989 786 1026 847 ad
1047 787 1135 852 Ouid.
1155 790 1261 854 Tristt.
1281 790 1317 868 ll,

250 876 324 939 561.
369 873 484 950 Quibus
506 870 589 932 udde
606 887 707 932 comm.
731 869 770 931 ad
789 871 879 951 Prop
900 870 1024 948 11,14,
1046 877 1097 936 36.

357 976 408 1037 Sic
430 977 521 1053 igitur
543 993 562 1035 a
580 973 738 1052 Propertio
761 970 907 1034 oscitandi
929 972 1045 1054 culpam
1067 992 1131 1037 eum
1151 978 1182 1038 iu
1204 991 1322 1059 operum
1391 989 1392 1058 l

251 1061 382 1124 editores
404 1060 569 1122 declinasse
591 1059 753 1132 uideamur,
774 1059 799 1119 si
820 1076 907 1137 quam
925 1061 1100 1160 protulimus
1117 1059 1321 1142 coniecturam,
1391 1065 1392 1138 ζ

250 1167 288 1210 ea
310 1147 493 1208 doctioribus
520 1145 648 1225 probata
672 1143 771 1206 luerit.
815 1144 967 1208 Interim
957 1165 988 1208 m
1012 1157 1115 1229 partes
1134 1167 1248 1214 vocare
1269 1169 1320 1214 no·
1391 1143 1392 1166 ³

247 1234 293 1344 bis
316 1233 406 1326 liceat
426 1234 621 1296 Horatiorum
643 1229 735 1291 illud:

660 1381 693 1394 -
728 1357 752 1408 si
770 1355 831 1424 quid
849 1356 902 1408 sois
920 1359 1017 1410 rectius
1036 1359 1096 1412 istis

417 1425 550 1478 Crtodidus
566 1427 686 1493 imperti,
705 1425 730 1477 51
749 1441 816 1491 ooo,
835 1424 876 1476 dis
894 1431 968 1477 utere
984 1442 1090 1479 caecum.
1201 1471 1208 1500 ,

249 1555 375 1638 Grtrppii
397 1564 493 1618 autem
515 1555 642 1630 somnia,
665 1555 796 1636 quamuis
819 1571 1062 1617 commemorasse
1084 1572 1121 1618 ea
1142 1554 1317 1620 confutatio·

246 1647 292 1706 nis
314 1647 381 1708 toeo
404 1643 504 1716 luerit,
522 1652 685 1704 retractare
705 1642 753 1702 hio
775 1641 895 1719 longum
916 1652 969 1703 est.
1015 1642 1072 1718 Qui
1095 1659 1159 1704 crim
1180 1661 1220 1708 ex
1241 1660 1318 1706 men·

151 1731 157 1758 ²
224 1731 396 1812 ¹deciorum
424 1745 543 1790 suorum
565 1720 844 1810 νεφελοκοκκυγίᾳ
871 1735 1018 1806 tamquam
1040 1745 1078 1790 ex
1104 1728 1187 1790 firma
1208 1728 1317 1792 doctri·

244 1834 301 1877 uae
328 1831 397 1876 aree
422 1813 615 1874 homunculos
642 1812 723 1873 inira
747 1821 898 1887 errantes,
926 1815 947 1875 i.
972 1831 998 1874 e.
1022 1816 1104 1875 viros
1133 1815 1314 1878 doctissimos

244 1911 274 1964 et
297 1901 333 1963 de
353 1899 481 1980 antiquis
505 1900 619 1960 artibus
641 1897 848 1960 immortaliter
871 1900 991 1960 meritos
1015 1898 1175 1980 despioIat·
1205 1919 1245 1963 ne
1264 1919 1315 1964 no·
1388 1926 1392 1948 ι

244 1997 309 2050 stra
339 1985 436 2063 legat,
465 2000 523 2045 non
548 2002 693 2046 ueremur.
737 1983 798 2045 Sed
826 2000 890 2043 oum
916 1985 1068 2047 erroribus
1088 1988 1152 2048 istis
1176 1986 1315 2065 detegen-
1389 2041 1393 2083 ;

244 2072 307 2148 dis,
334 2071 482 2151 Propertii
509 2070 626 2151 quidem
647 2068 746 2132 studia
772 2086 875 2167 parum
898 2071 1043 2132 commodi
1069 2075 1225 2153 percipere
1248 2091 1315 2154 pos·

242 2159 318 2232 sint,
344 2166 375 2219 at
402 2158 499 2217 bonae
526 2156 682 2218 litterae
673 2175 704 2218 rn
733 2156 1312 2231 11115551111155115,1115611115

241 2263 314 2307 suae
342 2242 539 2304 aemulatores
566 2243 657 2304 luturi
683 2240 905 2314 deterreantur,
932 2243 964 2302 in
993 2245 1151 2305 annalibus
1174 2245 1313 2308 Halaesi·

241 2331 297 2393 bus
326 2329 423 2403 (Anu.·
444 2330 536 2392 1839.
563 2329 600 2392 Ν.
623 2331 695 2391 117.
718 2330 798 2409 sqq.)
829 2344 949 2389 munere
980 2329 1034 2396 illo
1070 2330 1162 2392 taedii
1195 2333 1312 2411 quidem

216 2452 218 2457 .
242 2417 348 2498 pleno,
370 2413 438 2490 sed,
462 2423 494 2476 ut
515 2415 601 2476 nobis
623 2415 715 2476 uisum
739 2421 799 2488 est,
826 2414 996 2476 necessario
1019 2415 1140 2494 defungi
1166 2418 1312 2497 quondam

242 2502 439 2565 sustinuimus.
484 2500 584 2577 Quae,
609 2501 636 2561 si
666 2501 713 2562 cui
739 2498 856 2579 penitus
883 2515 1008 2562 noscere
1028 2503 1172 2564 hominem
1199 2521 1311 2584 operae

238 2591 366 2671 pretium
393 2585 546 2661 uideatur,
573 2586 671 2648 adeat.
715 2585 852 2647 Ceterum
877 2585 1028 2664 uulgatum
1056 2589 1135 2667 apud
1159 2587 1308 2652 Romanos

239 2693 322 2736 usum
343 2673 452 2746 luisse,
474 2681 506 2734 ut
525 2673 573 2734 uel
595 2671 780 2752 grammatici
799 2671 849 2732 uel
869 2673 985 2732 amici
1011 2683 1211 2753 poetarum
1238 2679 1310 2739 scri-

240 2770 294 2842 pta
314 2769 382 2842 post
403 2768 526 2821 mortem
546 2760 650 2821 iterum
671 2757 819 2818 recensita
840 2765 869 2819 51
888 2755 926 2818 ad
945 2776 1027 2820 suum
1048 2760 1188 2820 iudicium
1210 2761 1311 2846 dispo·

242 2849 301 2909 sita
329 2847 467 2918 ederent,
496 2844 615 2925 plurimi
646 2842 753 2905 docent
781 2842 852 2904 loci.
902 2844 1055 2924 Siquidem
1083 2847 1242 2910 Suetonius
1273 2849 1308 2911 de

237 2933 346 2997 illustr.
375 2949 497 3010 gramm.
522 2948 587 3011 cap.
610 2935 658 2992 2.:
681 2931 856 3005 „Hactenus
879 2934 1011 3007 tameu“,
1035 2932 1146 3011 iuquit,
1175 2927 1307 3009 „imitati
1393 2945 1394 2948 ’

240 3020 358 3096 (Latini
387 3018 573 3096 grammatici
600 3015 764 3094 Graecos),
797 3023 830 3076 ut
861 3017 993 3078 carmina
1022 3035 1153 3098 parum
1186 3020 1306 3083 adbuc

238 3105 447 3184 diuulgata
466 3103 515 3166 uel
538 3102 809 3165 defunctorum
831 3102 1038 3164 amicorum
1063 3105 1112 3166 uel
1134 3107 1161 3166 si
1182 3124 1306 3185 quorum

236 3191 362 3254 aliorum
391 3186 581 3270 probassent,
611 3189 782 3268 diligentius
809 3197 1021 3250 retractarent:
1050 3199 1082 3253 ut
1110 3190 1304 3256 1105151115

236 3276 401 3358 Lampadio
432 3275 537 3337 Naeuii
567 3275 707 3336 Punicum
740 3273 866 3348 bellum,
898 3273 978 3354 quod
1009 3291 1068 3338 uno
1099 3278 1248 3341 uolumine
1277 3289 1305 3342 et

235 3362 397 3425 continenti
417 3361 566 3440 scriptura
584 3362 766 3441 expositum,
787 3358 887 3422 diuisit
912 3361 943 3421 11
965 3371 1076 3442 septem
1095 3363 1216 3424 libros“
1237 3375 1303 3428 cett.

237 3449 378 3528 Idemque
401 3447 478 3507 alios
500 3447 531 3507 in
554 3446 622 3507 aliis
645 3447 769 3522 iecisse,
796 3445 931 3527 pluribus
956 3449 1099 3528 exemplis
1121 3452 1302 3530 comprobat

237 3535 284 3598 Gi.
306 3531 425 3596 Heindl.
454 3531 491 3593 ad
520 3532 593 3594 Hor.
622 3533 685 3596 Sat.
707 3534 739 3608 I,
763 3538 820 3608 10,
841 3536 871 3594 3.
900 3532 1061 3595 Η5151111ι
1088 3535 1120 3597 11
1148 3537 1302 3617 Disquisit.

235 3620 273 3684 de
290 3621 379 3682 Aelio
399 3618 515 3680 Stilone
535 3636 566 3698 p.
583 3621 641 3693 38,
661 3624 689 3682 l.
714 3619 846 3681 Traiect.
869 3617 908 3678 ad
930 3619 985 3681 llh.
1007 3623 1099 3684 1839.
1121 3621 1245 3685 Lerscb.
1266 3623 1301 3685 de

232 3709 355 3774 Valerio
385 3705 450 3768 Cat.
474 3705 513 3766 'in
541 3703 693 3784 Epiremm.
721 3706 827 3786 philol.
863 3703 1030 3768 Darmstad.
1063 3709 1156 3772 1839.
1183 3709 1220 3772 Ν.
1249 3713 1299 3772 43.
1394 3705 1395 3776 ξ

231 3795 268 3858 L.
293 3794 326 3855 F.
356 3790 498 3854 Schmidt.
526 3790 556 3851 in
579 3791 676 3853 Lucil.
706 3791 771 3854 Sat.
800 3792 886 3869 lrgm.
913 3791 938 3854 l.
966 3811 995 3874 p.
1021 3797 1049 3855 l.
1078 3794 1180 3856 Berul.
1208 3796 1298 3858 1849.
1394 3839 1395 3868 ,

231 3873 397 3958 Quinimmo
422 3877 459 3941 de
481 3894 535 3940 suo
557 3876 743 3952 addiderunt,
764 3887 796 3939 ut
816 3878 985 3940 Cornelium
999 3878 1162 3958 Epicadum
1180 3883 1216 3943 L.
1232 3883 1299 3944 Sul·

230 3967 280 4030 lae
312 3965 465 4028 dictatoris
490 3965 609 4027 ,librum
639 3963 676 4027 de
708 3965 797 4025 rebus
831 3965 891 4024 suis
921 3967 1110 4027 nouissimum
1143 3968 1297 4049 supplesse

224 4052 306 4116 ,idem
329 4050 487 4114 Suetonius
517 4059 621 4112 auctor
650 4060 696 4114 est
725 4049 803 4124 (1.1.
826 4067 851 4112 o.
876 4052 951 4132 11).
995 4050 1216 4116 lleredibus
1246 4073 1296 4116 au-

228 4149 286 4204 tem
307 4137 338 4198 id
361 4137 512 4215 negotium
534 4136 672 4200 traditum
692 4135 839 4200 interdum
864 4153 929 4198 esse
952 4136 1039 4200 docet
1060 4138 1176 4201 Lucani
1200 4141 1294 4224 (Suet.
1394 4125 1395 4192 1

226 4225 292 4305 uit.)
314 4234 344 4289 et
365 4223 461 4286 Persii
483 4224 575 4305 (apud
597 4221 698 4303 eund.)
721 4223 895 4302 exemplum,
917 4225 1000 4286 cuius
1023 4225 1131 4287 satiras
1152 4235 1304 4300 retracta„

102 4329 108 4337 ¹
225 4322 272 4375 tas
301 4311 447 4406 Goruutua
473 4310 581 4374 (laesio
604 4309 700 4372 Basso
721 4311 833 4392 petenti
860 4309 991 4374 edendas
1018 4311 1175 4378 concessit.
1220 4311 1294 4394 Quid

1388 1853 1392 1923 1
