2806 4974
13 4293 16 4378 l

14 4389 16 4466 l

15 4699 18 4854 ι

378 458 381 463 ,
414 396 503 468 Caput
521 397 568 454 Vl.
602 395 646 452 De
664 393 825 458 elocutione.
901 365 905 377 ¹
1084 380 1161 462 163

83 565 221 648 denique,
243 566 325 650 qnod
347 563 564 632 undisonos
587 563 660 631 deos
682 567 750 649 (ΠΙ,
772 569 824 645 21,
847 564 913 649 18.)
937 565 1052 637 Graeco
1074 589 1158 638 mora

84 655 238 736 appellat,
272 656 323 736 qui
355 654 468 718 undis
497 658 704 737 strepitum
738 655 878 718 cicant.
927 656 990 720 Nec
1019 658 1157 738 equidem

81 758 375 815 commemorassem,
402 742 460 802 nisi
490 751 605 816 essent,
632 741 683 821 qui
712 741 801 804 etiam
821 739 937 805 Latinis
959 745 1057 825 poetis
1079 763 1157 810 oona

81 827 227 908 quaedam
249 827 381 891 inuenire
401 828 512 902 licere,
538 845 608 903 nec,
637 845 713 908 quae
736 825 826 888 semel
853 836 965 890 tantum
985 831 1156 911 reperiren-

81 922 128 976 tur
150 914 181 974 in
205 915 350 994 scriptore
365 913 477 995 aliquo,
500 914 599 976 statim
621 924 652 975 ut
675 913 867 975 soloecismos
889 913 1056 980 damnanda
1078 935 1154 996 esse,

81 1018 138 1062 non
177 1000 390 1080 intelligerent.
441 1000 591 1076 Quocirca
626 999 790 1062 mirandum
824 999 904 1079 quod
934 1003 1154 1082 Lachmaonus,

81 1087 131 1166 qni
150 1086 200 1148 El.
220 1085 271 1163 IV,
295 1091 344 1161 ΙΙ,
364 1091 436 1150 ath:
458 1104 630 1160 assessu,
662 1084 724 1160 ΙΙΙ,
745 1089 802 1159 32,
821 1089 892 1149 Atia
914 1099 1155 1169 memorator,

81 1172 112 1246 Ι,
136 1176 164 1246 Ι,
183 1175 251 1234 uh:
274 1173 448 1252 Cytain'is
470 1171 524 1252 (de
546 1189 605 1252 quo
623 1179 725 1234 tamen
745 1189 773 1234 ι.
793 1187 895 1234 comm.
917 1173 955 1235 ed
978 1191 1004 1238 e.
1024 1174 1062 1253 l.)
1082 1192 1155 1258 pro·
1281 1220 1283 1224 .

81 1258 216 1332 baverit,
245 1259 304 1333 ΙΙΙ,
328 1262 364 1334 3,
386 1263 437 1321 21.
461 1267 574 1321 aretem:
604 1265 764 1320 sarecto
790 1257 917 1338 itemque
938 1259 986 1335 ΙΙ,
1006 1263 1064 1338 32,
1085 1266 1155 1328 toa

80 1345 203 1408 llaica
226 1343 304 1406 dona
325 1345 390 1426 ipse
407 1345 566 1426 Propertio
585 1343 751 1407 reddiderit
759 1366 767 1418 ;
789 1351 885 1406 tamen
908 1363 961 1408 nec
982 1346 1022 1422 ΙΙ,
1036 1349 1065 1422 3,
1080 1351 1148 1412 Aba

82 1429 260 1506 ardidos,
288 1449 342 1494 nec
363 1431 409 1505 ΙΙ,
430 1434 466 1506 9,
492 1435 558 1494 tu:
580 1430 745 1506 „fluviis
766 1429 876 1492 sadis“
898 1430 1079 1512 postliminio
1101 1452 1153 1498 re-

82 1517 205 1578 stituere
227 1518 374 1591 sustinuit,
396 1517 434 1578 el.
457 1534 559 1580 conrnr.
578 1516 616 1578 ad
638 1534 664 1578 e.
681 1516 702 1578 Ι.
745 1514 807 1578 Nos
827 1534 898 1578 uero
921 1528 949 1580 et
971 1517 1056 1595 haec,
1075 1537 1155 1599 qrrao

83 1620 166 1664 nemo
191 1603 321 1666 imitatos
343 1613 402 1677 est,
424 1603 522 1677 ertit,
546 1607 576 1677 7,
593 1607 664 1666 hh:
686 1602 907 1664 reuolubile
927 1613 1050 1678 tuemur,
1072 1605 1154 1685 qnod

81 1698 186 1770 postea
207 1690 245 1751 ab
260 1688 367 1753 Ouidio
383 1698 532 1769 receptum
552 1706 622 1750 usos
634 1689 757 1752 Latinus
778 1691 1045 1769 comprobaniem.
1062 1709 1154 1772 prae·

81 1784 163 1838 terea
187 1774 293 1837 adul.
310 1775 366 1850 hv,
390 1779 446 1849 ΙΙ,
471 1779 522 1838 ut.
565 1773 639 1836 Nam
662 1776 693 1835 io
717 1775 955 1839 hominumet
975 1776 1151 1840 locorum

82 1859 336 1942 appellationibus
365 1871 453 1940 grato
483 1877 556 1922 sono
587 1870 616 1924 et
645 1878 800 1923 mensurae
823 1861 957 1924 uersibus
986 1879 1152 1926 accommo-

7 1999 9 2008 .
84 1947 169 2009 datae
194 1947 351 2028 plurimum
374 1946 492 2010 dedisse
514 1947 701 2028 Propertium
723 1956 815 2028 patet.
857 1947 934 2010 Illuc
955 1949 1075 2012 breuius
1097 1949 1154 2012 ad·

84 2033 258 2096 iectirorum
285 2033 415 2109 formae,
444 2034 521 2096 iuter
549 2033 624 2114 ques
645 2043 693 2094 'ne
722 2033 759 2096 de
788 2031 961 2110 vulgaribus
987 2035 1082 2098 dicam
1105 2036 1153 2114 (nt
1181 2110 1184 2118 Ι

84 2119 135 2196 ΙΙΙ,
159 2125 213 2194 ΙΙ,
235 2119 485 2182 huz-Romula
506 2120 652 2194 uincla,
675 2117 745 2186 coll.
768 2138 796 2181 ι.
813 2121 865 2182 68.
887 2128 916 2182 et
936 2120 989 2196 ΙΙΙ,
1012 2125 1063 2197 12,
1083 2122 1151 2202 29.)

85 2207 164 2268 solus
191 2224 279 2268 ansus
301 2214 346 2268 est
368 2205 624 2268 dicerer'Baiae
646 2224 743 2286 oqtroe
765 2204 808 2282 (I,
832 2208 880 2280 ll,
902 2205 969 2285 30.)
993 2216 1024 2270 et
1043 2206 1152 2271 Curii

84 2292 192 2354 iratres
221 2309 278 2372 pro
307 2290 449 2354 Curiatiis
480 2291 554 2368 (Ill,
584 2297 622 2368 3,
650 2292 707 2360 6.).
759 2291 874 2368 Quibus
904 2293 1046 2375 exemplis
1080 2294 1153 2358 freti
1213 2358 1218 2367 ,

84 2378 139 2453 ΠΙ,
161 2382 201 2452 9,
220 2381 291 2441 tu:
314 2377 415 2440 Dore
436 2396 493 2458 pro
515 2378 627 2452 dure,
642 2375 732 2460 'quod
754 2377 840 2438 nihili
859 2387 939 2452 erat,
961 2379 1152 2460 restituimus,

85 2465 120 2527 ei.
140 2464 180 2526 ad
203 2482 229 2526 e.
249 2464 271 2525 l.
316 2463 395 2526 Unus
417 2466 504 2525 etiam
525 2465 698 2544 Propertius
720 2464 854 2542 Lycmo
876 2463 949 2528 lecit
971 2464 1014 2526 de‘
1029 2467 1151 2530 Lucu-

86 2567 190 2613 mone
212 2550 275 2627 (tv,
299 2553 314 2611 l
340 2551 423 2630 23),
446 2550 583 2628 idemque
605 2549 856 2628 Lycomedius
876 2548 926 2624 IV,
950 2555 986 2625 2,
1007 2552 1076 2629 uh,
1098 2553 1152 2618 uhi
1218 2615 1220 2618 .

85 2655 110 2699 ι.
136 2655 242 2698 comm.
293 2634 376 2698 Adeo
408 2645 487 2698 amat
515 2636 645 2698 Graecas
675 2635 823 2696 nominum
850 2635 1025 2714 positiones.
1074 2637 1152 2701 Nam

8 2787 10 2794 ,
85 2722 114 2783 in
138 2724 213 2804 ipsis
238 2721 359 2783 Graecis
388 2722 553 2783 nominibus
582 2722 694 2782 formas
720 2721 849 2783 Graecas
878 2738 936 2782 non
965 2720 1052 2804 modo
1081 2741 1153 2805 per·

84 2817 189 2889 petrae
211 2817 340 2870 ueterum
362 2807 484 2870 lectioni
505 2817 639 2870 assuetus
662 2805 716 2868 sed
741 2815 864 2888 propter
886 2806 1042 2870 iocundum
1063 2810 1153 2874 etiam

85 2906 112 2957 et
137 2896 260 2976 plen-om
287 2912 388 2955 earnm
415 2895 540 2956 sonitum
569 2893 705 2971 (Quintil.
732 2892 808 2968 XII,
838 2896 894 2967 to,
916 2891 984 2971 53.)
1011 2893 1153 2962 Romanis

84 2980 256 3064 saepissime
278 2979 430 3060 praetulit.
473 2980 557 3043 Unde
577 2981 602 3040 si
622 2979 795 3058 religiosius
817 2977 903 3040 codd.
925 2997 992 3041 mss.
1014 2997 1154 3044 excusse-

77 3068 139 3142 ·ris,
168 3068 245 3128 lianc
266 3064 363 3144 legent
384 3067 569 3146 Propertium
592 3068 687 3148 ipsum
710 3065 768 3126 sibi
790 3064 946 3145 scripsisse
967 3064 1097 3142 ridebis,
1118 3075 1151 3132 nt

10 3153 12 3214 Ῑ
85 3155 134 3214 nbi
165 3162 293 3232 utraque
320 3152 418 3213 torma
444 3152 584 3216 Romanis
611 3153 733 3214 auribus
763 3152 879 3233 pariter
909 3160 987 3214 esset
1012 3152 1151 3233 probata,

10 3297 11 3300 ,
87 3237 263 3316 Graecam
286 3256 428 3318 semper
447 3236 685 3320 praeterret,
704 3237 763 3298 nisi
785 3237 933 3299 siLatina
951 3238 1051 3300 versui
1073 3247 1152 3303 esset

10 3345 11 3348 ¹
86 3324 280 3388 commodior:
311 3335 428 3398 contra,
455 3326 480 3386 si
502 3325 612 3387 Latina
638 3344 692 3386 nso
717 3332 871 3404 poetarum
891 3324 1034 3385 commoni
1055 3326 1151 3404 magis

87 3421 163 3475 esset
187 3420 325 3491 recepta,
354 3412 430 3472 hanc
454 3411 571 3491 quidem
597 3412 627 3472 in
649 3410 815 3473 rtoirersum
835 3408 953 3484 mallet,
979 3426 1034 3474 nee
1055 3415 1151 3473 umen

86 3497 217 3570 alteram,
239 3498 265 3557 si
286 3497 386 3578 aptior
405 3496 556 3578 uideretur
576 3497 714 3570 numeris,
734 3493 1003 3574 nimisrefngeret.
1045 3494 1152 3576 Itaque

87 3585 114 3644 io
142 3583 290 3646 femininis
319 3584 466 3664 primae
496 3584 769 3644 nominativum
797 3583 829 3643 iu
856 3581 1077 3644 edesiueotem
1106 3582 1152 3644 lc·

87 3672 218 3748 gitimom
240 3687 306 3730 esse
328 3671 406 3743 uult,
428 3678 459 3731 ut
479 3667 654 3750 Hypsipyle,
675 3668 807 3742 Euadne,
828 3665 982 3746 Cassiope,
1004 3666 1152 3748 Calliope,

87 3756 292 3830 Ischomache,
318 3755 428 3830 Niobe,
454 3755 631 3836 Cymothoe,
652 3754 830 3832 Amymone,
856 3753 1044 3826 Leucothoe,
1067 3753 1154 3815 Pasi-
1210 3825 1212 3834 p

86 3844 171 3922 phae,
192 3842 354 3922 Penelope,
375 3842 474 3916 Dirce,
496 3843 632 3921 Antiope,
654 3839 764 3918 Cybele
787 3837 841 3916 (et.
860 3837 900 3899 ad
921 3837 977 3912 ΠΙ,
999 3840 1153 3917 26,10.);

88 3939 173 4010 atque
194 3929 282 3991 etiam
302 3929 468 4009 Europe,
496 3927 656 3999 Helene,
681 3925 938 4006 Persephone.
983 3924 1058 3986 llinc
1079 3943 1155 4006 quo-

89 4033 144 4094 que
165 4015 311 4094 genitivos
333 4014 413 4077 ducit
440 4023 469 4076 et
496 4015 695 4078 accusativos:
716 4011 899 4089 Antigones,
921 4008 1064 4088 Cybeles,
1091 4011 1154 4073 lla-⁴

89 4118 168 4177 raes,
188 4101 470 4182 Persephones,
493 4101 682 4182 Tisiphones,
703 4098 827 4171 Niobes,
845 4096 958 4170 Circes,
978 4095 1155 4178 Penelopes,

88 4185 372 4266 llelles„Pagases‚
391 4185 518 4248 Erinnes
539 4223 581 4234 -
601 4186 757 4265 Antiopen,
779 4185 918 4256 Meroen,
934 4180 1078 4257 Helenen,
1097 4181 1156 4262 Cy·

90 4269 189 4348 belen,
216 4273 407 4336 Leucothoen
428 4281 495 4335 cett.
538 4273 723 4362 Quinimmo
750 4278 783 4332 ut
808 4285 946 4331 numeros
975 4267 1097 4342 iniciat,
1123 4270 1156 4330 in

89 4358 125 4434 iis
145 4362 242 4437 etiam,
265 4377 342 4442 quae
360 4359 459 4424 utuao
482 4366 512 4423 et
534 4353 835 4422 commuui'sermone
854 4373 878 4420 a
899 4353 1026 4430 habent,
1046 4353 1157 4418 loni-

886 4449 953 4521 11t
1014 4535 1021 4544 x
