2806 4974
216 343 306 414 Ocput
324 345 385 401 vn.
420 345 463 402 De
479 343 630 412 imitatione
646 349 786 416 poctarum
802 345 1053 429 Alexandrinorum·
1097 330 1173 420 191

92 519 203 602 quibus
229 517 305 584 locis
331 518 402 585 add.
425 518 529 584 Tristt.
551 519 583 598 1,
605 522 635 586 3.
657 521 722 585 init.
749 520 794 600 11,
817 525 891 589 367.
918 530 951 588 et
974 537 1050 604 qnos
1080 539 1176 604 supra

91 608 250 672 citavimus
270 607 613 688 uersus1,1c,1:t.sq.
654 607 711 672 iiic
731 609 825 689 igitur
846 627 910 674 cnm
932 611 1026 672 instar
1045 611 1176 674 omnium

90 694 149 758 hos
170 695 245 758 duos
266 694 352 759 solcs¹
370 693 512 774 appellet,
532 710 683 756 commune
701 695 853 759 doctorum
871 695 1012 759 iudicium
1030 704 1176 776 sequutus·

58 855 64 868 ,
91 789 150 844 cst.
195 782 271 845 Nam
293 799 358 846 oum
380 779 488 844 Ouidio
511 788 590 842 totus
612 781 686 842 facit
706 781 881 863 Propertius
905 782 1049 858 111,1‚1.
1073 785 1102 856 3,
1118 783 1172 846 52.
1196 815 1198 820 ·

89 867 143 942 IV,
165 870 202 942 6.,
226 872 256 931 3.
279 886 345 948 sqq.
378 867 438 944 lll,
461 871 498 942 9,
519 869 573 929 44.
604 865 647 942 ll,
670 870 728 942 34,
751 871 803 932 31.
833 878 862 931 et
878 869 1004 931 ‘Statius
1032 865 1125 930 Silus.
1147 867 1173 944 I,

93 957 131 1028 2,
155 957 245 1017 252.:
274 955 383 1032 „llunc
404 953 470 1034 ipse
497 951 561 1014 Coo
588 952 749 1033 plaudente
776 954 952 1018 Philetas
981 953 1173 1018 Callima-

91 1041 267 1122 chusque
301 1040 473 1120 Umbroque
506 1037 683 1119 Propertius
718 1050 805 1102 antro
836 1042 1007 1103 Ambissent
1043 1040 1171 1103 laudare

90 1126 203 1189 cirmf‘
245 1126 321 1190 Nam
341 1126 467 1188 Procius
488 1142 607 1205 quoque
629 1126 760 1206 quamuis
788 1127 1007 1208 antiquioribus
1028 1125 1091 1188 illis
1111 1143 1174 1190 non

91 1213 226 1288 omissis,
248 1214 293 1279 bis
315 1222 410 1275 tamen
433 1230 515 1274 stram
537 1213 722 1294 principatus
743 1223 856 1292 partem
879 1212 917 1276 tle
938 1211 1085 1274 industria
1106 1213 1172 1276 tin-

91 1298 188 1375 hicat,
214 1298 360 1379 siquidem
381 1300 412 1360 in
432 1299 518 1362 Phot.
540 1299 618 1362 llihl.
640 1317 671 1380 p.
694 1302 766 1363 cto.
790 1299 835 1361 b.:
860 1289 1092 1384 Ἀριονεῦσαι,
1121 1299 1178 1375 ait,

91 1383 140 1466 τῷ
167 1380 278 1469 μέτρῳ
309 1385 428 1466 (elegos
456 1383 566 1462 intell.)
589 1373 757 1446 Καλλῖνόν
785 1404 821 1446 τε
847 1377 905 1447 οόν
930 1375 1084 1466 Ἐφέσιον
1111 1383 1172 1446 καὶ

92 1467 295 1554 Μίμνερμον
316 1465 374 1532 τὸν
396 1461 634 1553 Κολοφώνιον,
660 1459 746 1530 ἀλλὰ
768 1464 825 1530 καὶ
849 1464 906 1532 τὸν
928 1467 988 1533 τοῦ
1012 1465 1172 1552 Τηλέφου

96 1553 286 1640 Φιληιοῖν
320 1550 378 1618 τὸν
405 1553 505 1638 Κῷον
542 1550 599 1617 καί
628 1549 905 1635 Καλλίμαχον
939 1547 998 1616 τὸν
1026 1546 1172 1618 Βάττου.

91 1642 177 1706 Unde
200 1643 412 1706 Grammaticus
433 1642 575 1707 Biblioth.
594 1640 719 1705 Goislin.
734 1659 764 1722 p.
778 1643 868 1705 tntu
887 1631 1172 1723 Ἑλεφειοιιοιηιαὶ

90 1721 131 1804 ἅ,
156 1724 334 1804 Καλλῖνος,
356 1722 565 1811 Μίμνερμος,
593 1723 749 1810 Φιλητᾶς,
771 1721 999 1810 Καλλίμαχος,
1023 1736 1053 1789 et
1066 1727 1170 1789 Tzctz.

91 1814 195 1879 Schol.
221 1814 260 1875 ad
286 1815 434 1896 Lycophr.
457 1813 523 1878 Vol.
546 1813 570 1874 Ι.
591 1831 621 1894 p.
642 1817 732 1877 252:
757 1801 925 1896 Ἐλεγείων
953 1807 991 1874 δὲ
1018 1805 1170 1894 ποιηταί·

91 1890 382 1979 Καλλίμαχοξ,
412 1893 631 1983 Μίμνερμος,
665 1893 822 1982 Φιλητᾶς.
874 1898 952 1978 Quid
980 1899 1170 1976 Theocritus,
1249 1967 1252 1978 ,

91 1987 154 2049 siue
178 1989 343 2066 quicunque
367 1977 520 2048 Θαλύσια
543 1987 663 2066 scripsit
690 1985 819 2063 agrestis
841 1987 949 2050 Musae
971 1993 1077 2049 auctor
1101 2003 1172 2046 suu-

90 2073 251 2136 sissimus?
294 2073 353 2149 Qui
374 2081 438 2135 cnm
458 2090 495 2135 ne
514 2087 688 2152 comparare
709 2070 827 2151 quidem
848 2089 881 2134 se
897 2070 1033 2136 Philetas
1053 2068 1172 2147 audent,

61 2233 63 2238 ¹
93 2159 210 2223 etiamsi
239 2158 420 2240 aliquantum
447 2156 547 2220 lanulis
576 2156 740 2220 modestiae
761 2157 820 2220 uiri
848 2157 976 2221 dandum
1003 2175 1070 2220 esso
1099 2174 1171 2219 con·

91 2244 236 2320 Alcanor,
255 2254 352 2308 tumen
369 2246 419 2326 qui
441 2263 460 2306 a
477 2254 559 2308 tanto
574 2251 664 2326 poeta
679 2254 738 2307 tam
756 2245 873 2306 urbana
893 2243 983 2307 laude
999 2242 1171 2321 extollatur,

89 2349 189 2397 nonne
211 2331 306 2413 ipsum
326 2331 480 2412 egregium
502 2330 595 2394 luisse
616 2331 683 2414 iupe
706 2329 898 2410 colligimus?
941 2330 1017 2395 Nam
1035 2349 1063 2394 u.
1081 2333 1149 2394 37.;

230 2473 271 2532 Οὐ
290 2474 348 2545 γάρ.
365 2495 425 2546 πω,
447 2473 552 2544 iuquit,
571 2471 626 2527 κατ’
647 2469 717 2543 ἐμὸν
735 2469 804 2529 νόον
821 2466 883 2527 οὕτε
900 2469 950 2528 τὸν
968 2467 1072 2528 ἐσθλὸν

231 2547 382 2600 Σικελίιλαν
398 2551 495 2616 νίκημι
513 2541 562 2597 τὸν
579 2543 610 2596 ἐκ
627 2540 733 2610 Σάμια,
754 2537 816 2595 οὔτε
832 2542 996 2608 ‘mutuatio

224 2613 347 2670 Ἀείιλων·
364 2612 540 2683 βάτραχος
556 2611 589 2666 ot
607 2610 666 2664 ποτ’
687 2609 839 2680 ἀκρίδας
859 2606 895 2669 ὥς
909 2627 951 2669 τις
969 2609 1081 2681 epichor.

89 2757 227 2822 Eundem
246 2776 318 2820 uero
340 2755 487 2820 Philotam
512 2755 540 2818 si
560 2754 736 2830 inferiorem
760 2753 848 2817 etiam
870 2751 1054 2817 Callimacho
1075 2751 1173 2835 pluri-

89 2863 204 2909 morum
227 2845 374 2906 sententia
395 2843 490 2904 fuisse
517 2842 724 2922 intelligimus,
753 2840 838 2902 iham
866 2841 1003 2922 prolecto
1027 2841 1171 2905 Callima·

90 2934 195 3006 chum,
223 2933 305 2994 cirins
329 2948 365 2992 ex
386 2930 499 3009 hymnis
521 2929 608 2992 nobis
631 2927 710 3008 apud
737 2930 867 2989 ‘animum
894 2926 1030 3006 fingimus
1058 2928 1169 3007 imagi-

90 3037 167 3094 num,
186 3018 349 3079 honoribus
369 3017 555 3096 antiquorum
575 3031 721 3076 consensu
740 3013 820 3076 ultro
842 3013 870 3074 ei
893 3011 1000 3075 delatis
1020 3013 1171 3094 indignis·
1290 3055 1295 3064 ,

90 3105 195 3169 simirm
218 3103 310 3165 iniisse
332 3101 411 3164 lraud
433 3101 522 3162 dubie
543 3102 776 3182 pronuntiamus.
819 3100 911 3180 Atqui
930 3109 1046 3163 ueteres
1066 3119 1168 3163 omnes

91 3200 204 3254 tantum
232 3189 402 3251 auctoritati
422 3189 588 3250 Aristarchi
612 3180 641 3248 et
662 3185 872 3266 Aristophanis
895 3186 1051 3261 tribuisse,
1074 3188 1100 3248 si
1124 3197 1171 3250 ta-

91 3295 158 3342 men
187 3276 224 3338 ab
246 3277 292 3336 his
320 3276 350 3336 in
372 3273 505 3336 ordinem
533 3281 670 3354 receptos
700 3273 922 3351 olegographos
952 3284 1071 3334 nostros
1100 3291 1171 3338 uere

91 3363 266 3445 perhibetur
295 3359 348 3440 (cf.
370 3361 524 3423 Ruhnken.
547 3361 615 3421 hist.
639 3359 706 3420 crit.
728 3375 789 3419 crr.
814 3358 937 3420 Graeco.
961 3358 1001 3420 cil
1021 3360 1112 3423 Rutil.
1136 3356 1167 3441 p.

89 3449 195 3515 XG'Vl.
219 3448 316 3528 sqq),
342 3455 390 3521 ut,
411 3446 492 3526 quod
514 3446 576 3507 illis
598 3445 800 3524 grammaticis
821 3445 1000 3525 placuisset,
1028 3447 1087 3525 ipsi
1109 3464 1168 3508 non

71 3536 178 3596 'modo
201 3535 323 3615 culpare
346 3551 405 3594 non
427 3531 580 3608 auderent,
602 3531 656 3594 sed
678 3540 711 3592 nt
730 3532 788 3592 uiri
809 3533 982 3612 ceteroquin
1004 3534 1168 3596 acutissimi

92 3633 121 3686 ct
143 3622 195 3702 qui
221 3623 282 3682 suis
306 3637 392 3700 qnam
419 3614 546 3680 aliorum
567 3618 662 3681 oculis
691 3617 758 3697 plus
784 3617 933 3679 confidere
959 3636 1075 3698 semper
1097 3637 1169 3680 oon-

92 3716 244 3781 suessent,
273 3707 304 3767 in
332 3706 378 3766 his
407 3704 521 3767 dirobus
549 3683 586 3766 (le
614 3702 762 3765 industria
783 3706 982 3766 caecutientes
1004 3705 1168 3767 immeritus

89 3794 195 3856 laudes
216 3810 275 3854 uno
297 3809 350 3854 ore
373 3800 578 3853 recantarunt:
604 3791 648 3852 sic
674 3791 724 3870 qni
748 3790 960 3852 existimaverit
981 3807 1026 3850 me
1049 3792 1169 3871 quidem

89 3880 190 3943 iudice
210 3880 268 3940 nisi
290 3878 570 3956 arrogantissimus,
598 3877 671 3938 satis
694 3885 790 3938 tamen
811 3875 992 3938 inconsultus
1013 3877 1167 3956 prudenti-
1230 3916 1234 3923 ι

90 3967 145 4030 bns
169 3966 259 4028 debet
277 3963 383 4028 uideri.
429 3964 521 4040 Quem
545 3980 678 4024 errorem
699 3963 750 4024 uix
777 3962 881 4040 effugit
905 3962 1091 4026 Weicbertus
1113 3964 1168 4037 (de

90 4052 250 4134 Apollonio
273 4071 303 4133 p.
327 4053 393 4129 38.)
417 4058 446 4112 et
467 4049 598 4129 Hcynius
620 4049 762 4130 (Opusoc.
785 4048 822 4110 Τ.
839 4049 864 4110 l.
884 4067 912 4130 p.
936 4052 1041 4127 lot),
1072 4069 1167 4128 quan-

92 4158 179 4219 quam
201 4139 249 4200 hic
276 4141 341 4220 ipse
363 4137 550 4218 aliquatenus
578 4135 636 4197 sibi
658 4141 807 4213 repugnat
829 4132 883 4213 (oi.
903 4136 1001 4217 prael.
1025 4135 1063 4196 ad
1079 4135 1167 4215 Virg.
1203 4207 1209 4216 x

90 4229 163 4290 Aen.
187 4224 294 4287 cuh'll.
316 4243 346 4306 p.
368 4227 421 4286 43.
453 4221 532 4306 apud
554 4221 654 4298 Wagn
677 4220 714 4284 T.
735 4219 773 4281 ll.
795 4238 825 4300 p.
849 4225 900 4284 26.
925 4220 1016 4302 sqq).
1066 4222 1165 4284 Multo

92 4329 164 4376 uero
186 4311 309 4394 gratim
333 4309 469 4393 peccarit
489 4309 536 4374 nir
558 4307 662 4374 doctus
684 4307 716 4370 in
735 4306 963 4378 Accessionibns
990 4304 1030 4370 ad
1048 4306 1171 4374 Snlzeri¹
1269 4344 1274 4351 -
1397 4331 1398 4338 ν
