2762 4972
214 349 291 432 108
527 365 982 429 cmsonmnnmoou

212 557 292 624 quaa
311 501 536 608 tots‘oratonta
555 547 618 618 est,
645 546 676 604 et
695 539 727 602 in
747 557 810 622 qua
833 547 937 622 utpote
960 539 993 604 in
1018 539 1203 622 panegyrico
1226 539 1279 606 los

211 628 399 692 odmisoos
419 646 481 695 non
500 626 590 692 nodo
610 643 709 706 aeque
734 626 835 700 ieras,
861 626 916 690 sed
936 645 1033 708 paene
1060 637 1218 708 expectes,
1242 647 1278 694 ue

211 732 300 778 unun
328 713 447 796 quiden
477 714 543 778 eius
568 713 686 792 figurae
713 711 878 793 exenplun
907 713 1055 776 invenias:
1083 715 1161 776 nina
1183 714 1277 797 prino

211 808 336 884 aspectu
360 799 478 866 videtur
503 817 554 863 res
578 808 609 862 et
634 816 723 879 quan
744 815 810 861 cun
837 799 896 862 lac
919 798 1110 880 simplicitate
1128 801 1179 864 vix
1199 817 1275 862 con·

209 903 324 968 ponas,
344 886 425 968 quod
445 885 524 950 iden
544 885 664 948 sclam
681 885 712 947 in
733 884 930 966 oppositis
955 886 1190 966 pentanetri
1211 887 1276 950 lc-

211 972 419 1037 nistlclviis
443 971 710 1054 frequentissinnn
729 970 892 1046 iuvenitur,
913 971 959 1034 ita
975 979 1091 1048 tanen,
1111 981 1146 1035 ut
1164 989 1276 1071 senper

209 1073 276 1121 cun
304 1059 374 1121 aliis
401 1057 524 1139 igonis,
553 1045 776 1140 ὁμοιοπτώτῳ
805 1057 949 1138 inprinis
976 1066 1008 1120 et
1032 1046 1273 1140 ‹iptooovaieorqo

210 1145 413 1208 consociavun
440 1151 597 1226 appareat
639 1141 848 1219 Quadam,
877 1159 941 1206 cun
968 1142 1010 1204 ad
1035 1143 1277 1226 conpositionen

208 1232 448 1312 pervenerimus,
468 1228 637 1292 moranus
656 1228 795 1291 dicenus.
839 1229 925 1292 llunc
945 1229 1003 1291 loc
1023 1230 1097 1292 satis
1119 1239 1166 1292 ost
1187 1229 1277 1292 edno-

209 1326 310 1394 tasse,
333 1317 472 1398 inpetun
492 1314 649 1378 allectuun
669 1323 700 1376 et
721 1332 802 1390 eun,
820 1313 866 1378 'de
886 1331 945 1396 quo
965 1317 997 1377 in
1017 1316 1186 1379 inventione
1207 1315 1277 1378 nle-

209 1403 275 1468 vius
300 1403 444 1479 dixinus,
469 1401 753 1483 repraesentationis
779 1418 927 1475 nonen,
952 1401 1004 1482 qui
1029 1401 1062 1463 in
1082 1400 1277 1465 describendo

210 1489 259 1552 vei
279 1487 430 1550 cuiusdan
451 1497 531 1551 statu
551 1486 680 1550 libenter
704 1495 859 1550 versetur:
883 1487 939 1550 las
964 1495 1061 1550 auten
1088 1487 1223 1552 divorsos
1248 1497 1277 1552 ct

206 1591 306 1658 paene
333 1574 499 1638 oonoarias
527 1572 641 1652 ingenii
671 1571 845 1650 facultates,
874 1591 950 1654 quas
977 1582 1077 1636 tanen
1107 1576 1275 1637 coniunctas

207 1661 240 1723 in
264 1659 424 1742 Propertio
449 1659 578 1722 intonui
604 1658 707 1721 testati
732 1676 847 1734 suns,
874 1677 935 1721 non
960 1659 1051 1722 aliter
1077 1662 1217 1742 coniungi
1244 1677 1276 1722 se

206 1747 288 1830 pati,
313 1747 373 1810 nisi
397 1746 563 1826 argonenti
587 1754 692 1826 partes
716 1761 788 1820 eae,
816 1743 923 1826 quibus
942 1745 1033 1808 veluti
1057 1748 1194 1810 articulis
1216 1763 1275 1808 na-

205 1833 276 1896 iova
302 1833 366 1896 eius
391 1829 609 1914 quodamnodo
634 1830 768 1893 neultra
793 1831 939 1894 eondnevi
969 1832 1068 1895 solent
1098 1843 1130 1897 et
1157 1830 1276 1914 expedi·
1371 1911 1372 1914 Ἴ

205 1929 254 1982 tus
280 1919 391 2001 planae
420 1919 564 1980 orationis
589 1916 655 1978 ieri
681 1917 841 1993 unsilia,
866 1935 953 1998 quan
978 1917 1155 1983 intissine
1179 1919 1277 1982 absol-

205 2014 324 2069 vantur.
366 2005 442 2066 llinc
464 2013 494 2066 et
515 2003 681 2065 obscuritas
699 2005 789 2066 toties
808 2004 968 2085 Propertio
988 2007 1185 2086 exprobrata,
1205 2023 1277 2083 cun,

208 2107 288 2172 qnae
306 2091 425 2165 sentin,
440 2089 533 2151 veluti
551 2095 622 2150 nutu
641 2087 755 2152 iudicat
774 2090 882 2169 potius,
901 2108 988 2172 qnan
1004 2092 1108 2154 verbis
1128 2092 1275 2174 exprinit3

205 2178 276 2240 lino
296 2167 459 2237 ἀσύνδετα
479 2191 600 2236 numero
618 2174 742 2250 infinita,
762 2176 832 2237 lniuc
852 2175 971 2237 dicendi
994 2178 1180 2258 conpendia,
1199 2195 1273 2259 quae
1372 2189 1373 2192 ’

205 2281 276 2327 nox
294 2263 375 2325 inter
398 2270 503 2342 tropos
522 2261 757 2336 recensebitur,
782 2261 852 2323 linc
873 2259 1001 2342 deniqne
1024 2266 1202 2344 supervacui
1226 2281 1273 2325 or·
1372 2259 1373 2264 ’

206 2359 295 2414 natus
320 2357 468 2427 tanquan
494 2345 631 2410 lmviae
658 2346 747 2426 fuga,
777 2348 842 2408 eins
873 2347 991 2410 scilicet
1020 2359 1161 2427 ornatus,
1191 2367 1274 2433 quen

206 2451 286 2501 nunc
305 2442 482 2511 munus,
511 2433 705 2496 oratoriis
734 2431 841 2494 ciliciis
862 2435 1055 2496 cunmaxine
1080 2438 1198 2514 otiien,
1221 2433 1274 2498 sed

205 2525 238 2585 in
263 2519 457 2603 procedendo
485 2519 671 2582 carnicis
696 2518 816 2582 dunine
837 2519 953 2582 olicen
979 2523 1076 2602 nugis
1097 2541 1187 2606 quan
1211 2521 1274 2586 ad·

203 2605 433 2674 niniculun.

298 2703 345 2804 n§.
362 2741 389 2792 2.
418 2732 577 2806 ’Iinoqopoi‚
596 2732 759 2807 συμπλοκή,
778 2734 973 2806 autonomon,
990 2733 1177 2807 ἐπανάληψις.

304 2837 411 2918 ltaque
436 2840 601 2921 proxinan
623 2839 773 2920 superiori
798 2839 923 2919 figura·
946 2834 1118 2928 ἐπιφορὰν
1146 2862 1191 2908 ne
1217 2861 1274 2908 se·

204 2925 279 2992 nel
300 2925 467 3007 quiden,
489 2935 629 3006 quantun
651 2927 785 2998 nemini,
806 2927 933 2990 adnisit
977 2927 1044 3005 Qua
1064 2939 1162 2993 tanen
1183 2932 1274 3010 tnagis

204 3013 294 3078 orion
315 3011 507 3074 artificiosan
528 3003 725 3093 συμπλοκὴν
752 3005 942 3094 (κοινότητα
961 3013 1083 3097 Rutilii)
1104 3018 1153 3080 bis
1177 3018 1274 3094 laici,

202 3098 336 3184 quanvis
354 3098 509 3179 paululum
527 3097 645 3160 indetis
663 3097 782 3173 verbis,
800 3099 847 3174 11,
868 3101 925 3174 18,
945 3103 1014 3163 dia:

344 3212 870 3352 oss
882 3217 1102 3354 tot-ro

200 3397 233 3454 et
253 3387 423 3454 amnon
443 3386 488 3461 lt,
508 3389 568 3461 30,
589 3388 658 3450 ilc

334 3499 395 3550 Hoc
409 3496 436 3549 tt*
454 3496 579 3548 crinon
596 3496 681 3563 ovid,
699 3497 827 3550 erinon
842 3498 944 3551 noeto
961 3500 1041 3553 trit.

196 3596 431 3667 Idolomoiroo
457 3620 523 3666 cun
550 3601 654 3684 aliqua
681 3592 860 3690 ἀναφορᾶς
889 3605 1084 3672 sinilitudine
1110 3609 1271 3698 exenplnn

195 3691 322 3757 naxiae
341 3689 536 3754 nenorabile
555 3687 617 3765 111,
639 3692 699 3765 lt,
719 3693 791 3754 la:

330 3806 983 3956 Afrzfaflffffijmrmffgmgt&

366 3945 489 3998 Aaron
507 3945 563 3996 len
578 3949 712 4012 nquior,
730 3959 795 3997 noan
810 3961 867 3998 oona
884 3948 955 4014 lopo
969 3947 1066 4015 pudor.

196 4048 329 4131 cuipas
344 4047 471 4110 altornn
488 4045 603 4110 irustra
619 4064 768 4130 quarem
784 4049 950 4130 proxinun
967 4059 1065 4114 tanen
1082 4049 1136 4126 111,
1151 4055 1202 4125 21,
1218 4051 1268 4113 lt.

195 4137 305 4200 Cetera
333 4132 441 4196 incilia
463 4142 495 4195 et
521 4150 599 4214 quae
619 4132 669 4196 vel
691 4136 817 4202 naxlne
837 4137 988 4220 inccnpta
1009 4138 1146 4202 oratione
1167 4143 1269 4219 sponte

194 4224 242 4285 cui
261 4219 418 4296 excidant,
438 4226 472 4282 nt
491 4219 534 4294 Π,
553 4221 592 4295 9,
609 4221 679 4286 {vlla

329 4336 473 4390 Horten
491 4348 538 4402 epo
556 4347 610 4386 nov
627 4331 727 4400 soffia
743 4341 857 4388 norto
876 4333 966 4390 anino
981 4341 1040 4390 toa.
