2848 4972
371 419 858 502 ruoununnun.1n„a.o.
977 381 979 390 ‘

118 595 196 662 Non
215 596 271 658 esi
292 595 387 658 certo
408 590 511 677 fides,
531 609 629 680 quum
649 611 716 660 uon
735 587 857 661 iniuria
874 605 1002 674 versut.
1121 665 1127 669 .

76 707 103 752 w
162 693 327 762 Hostibus
350 695 484 760 eveniat
502 693 595 763 lenta
613 694 723 782 puella
743 697 843 762 meis!

119 796 267 865 lumorso
289 797 450 882 aequales
472 794 610 864 videant
630 815 706 863 meu
727 799 867 865 vulnera
888 801 987 868 colloz

162 902 219 968 llle
241 898 363 966 doceat
382 900 470 966 livor
491 920 617 968 mecum
637 899 798 969 habuisse
816 924 933 974 meam.
1015 933 1019 962 τ

118 1003 189 1070 Aut
209 1004 244 1068 in
263 1020 373 1068 amore
397 1000 510 1068 dolere
529 1002 606 1069 volo
628 1009 686 1070 aut
708 1003 824 1094 audire
846 1005 1022 1098 dolentem,

151 1101 249 1170 ¹Siue
271 1121 364 1169 meus
386 1102 541 1170 lacrimas
564 1105 639 1170 sive
659 1102 777 1170 videre
800 1112 887 1175 luae.

74 1218 102 1264 ao
118 1205 224 1272 Tecta
244 1206 433 1292 superciliis
456 1209 485 1272 si
510 1206 640 1293 quaudo
663 1209 768 1275 verba
787 1212 940 1297 remittis,
991 1221 994 1226 ’
1026 1265 1039 1282 .,

162 1307 233 1374 Aut
254 1312 313 1374 tua
335 1326 407 1374 cum
429 1305 556 1396 digitis
568 1311 695 1394 scripta
717 1309 847 1376 silenda
868 1321 977 1383 notas.
1052 1379 1054 1384 .

6 1407 8 1412 ’
116 1407 182 1478 Odi
204 1427 286 1499 ego,
309 1429 406 1495 quum
427 1427 602 1497 numquam
625 1420 774 1502 pungunt
795 1407 942 1502 suspirie
962 1439 1110 1496 somnos:
1223 1414 1226 1422 ¹

53 1565 56 1572 .
162 1509 303 1596 Semper
324 1513 359 1576 in
379 1513 468 1577 irata
490 1511 634 1598 pallidus
658 1530 737 1580 esse
756 1515 866 1584 velim.

117 1617 255 1684 Dulcior
277 1620 367 1706 ignis
390 1625 463 1685 erat
482 1617 611 1696 Poridi.
634 1637 708 1686 cum
726 1617 830 1686 Graia
848 1623 909 1708 per
930 1642 1023 1694 arma
1118 1653 1121 1658 ·

72 1732 100 1776 ³⁰
164 1719 346 1806 Tyndaridi
368 1728 497 1807 poterat
517 1721 644 1812 gaudia
663 1724 753 1789 ferre
776 1742 869 1791 saue.

116 1823 206 1890 Dum
227 1826 363 1892 vincunt
384 1825 514 1909 Danai,
535 1825 611 1892 dum
635 1833 744 1892 restat
765 1827 927 1896 barbarus
947 1832 1085 1924 Hector,

160 1927 221 1994 Ille
241 1929 393 1995 Helenae
415 1931 450 1994 in
470 1933 598 2019 gremio
621 1931 765 1998 maxima
786 1931 873 1998 bella
892 1937 992 2022 gerit.

114 2032 186 2110 Aut
205 2038 311 2098 tecum
331 2038 389 2099 aut
408 2053 468 2119 pro
490 2041 526 2102 te
547 2032 625 2101 mihi
647 2053 720 2100 cum
742 2034 903 2106 rivalibus
925 2055 1018 2118 arma

158 2131 299 2219 Semper
321 2140 439 2201 erunt:
453 2137 488 2201 in
508 2141 543 2201 te
565 2153 633 2221 pax
656 2133 735 2201 mihi
755 2136 846 2201 nulla
867 2137 987 2223 placet.

67 2253 95 2298 aa
115 2233 252 2320 Gaude,
274 2235 361 2322 quod
383 2237 472 2303 nulla
494 2244 549 2304 est
570 2256 679 2324 aeque
700 2239 862 2304 formosa:
884 2238 1029 2330 doleres,

159 2340 199 2410 Si
222 2354 287 2426 qua
309 2340 411 2406 foret:
432 2358 520 2406 nuuc
542 2343 592 2406 sis
615 2343 687 2405 inre
709 2343 855 2428 superba
875 2341 964 2410 licet.

114 2449 165 2516 At
187 2447 265 2528 libi,
290 2446 345 2530 qui
366 2452 479 2512 nostro
502 2446 627 2518 nexisti
650 2447 735 2510 retia
756 2441 854 2528 lecto,
933 2480 936 2494 ·

159 2547 213 2616 Sit
235 2565 332 2614 socer
350 2552 540 2628 aeternnm,
561 2564 624 2612 uec
646 2549 720 2612 sine
740 2554 848 2612 matre
870 2545 1002 2622 domus!
1063 2591 1066 2600 ,

114 2649 180 2720 Cui
198 2667 285 2714 nunc
306 2650 338 2714 si
358 2665 424 2734 quc
446 2645 527 2713 datu
546 2651 601 2714 esl
615 2636 784 2720 'furandae
806 2651 904 2733 copia
924 2652 1045 2734 noctis,

61 2767 92 2812 4⁰
158 2750 296 2821 Offensa
316 2749 373 2818 illa
393 2747 490 2834 milri,
515 2767 581 2818 nou
603 2750 664 2818 tibi
684 2751 807 2834 amica,
829 2748 932 2817 dedit.

575 2945 637 3019 IX.

109 3073 325 3162 Maecenas
345 3082 450 3176 eques
471 3085 618 3156 Etrusco
642 3085 685 3154 de
706 3087 872 3176 sanguine
892 3103 1020 3176 regum,

156 3196 248 3263 Intro
269 3196 431 3262 fortunam
452 3195 508 3280 qni
531 3195 625 3280 cupis
648 3210 728 3260 esse
749 3200 851 3276 tuum,

110 3299 201 3386 Quid
221 3317 274 3366 me
297 3297 463 3364 scribendi
484 3303 552 3363 tam
575 3301 707 3364 vastum
728 3297 832 3362 mittis
853 3296 889 3360 iu
909 3287 1061 3380 aequori

149 3403 227 3469 Non
247 3408 325 3467 sunt
346 3407 425 3487 apta
448 3417 543 3466 meae
556 3396 709 3488 *grandia
729 3397 808 3465 uela
829 3397 905 3462 rati.

61 3648 64 3652 ·
81 3627 89 3646 ⁸
138 3632 180 3684 19.
195 3623 312 3690 iniungia
325 3625 362 3680 Ν.
421 3628 465 3678 21.
483 3625 516 3677 In
534 3639 623 3692 morso
640 3623 673 3676 G.
686 3638 710 3680 r.
723 3639 762 3691 o.,
778 3623 909 3674 Immorso
923 3619 957 3672 Β.
969 3617 1000 3667 P.
1020 3613 1145 3670 colole.

56 3723 107 3774 22.
128 3715 166 3766 Et
183 3715 220 3776 Η.
291 3713 336 3766 25.
353 3727 404 3764 om.
419 3713 464 3763 M.
484 3715 583 3777 quanto
601 3712 645 3766 M.
712 3713 756 3763 26.
774 3708 850 3760 Aio.
876 3701 1068 3769 colondelle,
1090 3699 1145 3752 sei·

53 3801 145 3858 lenda
164 3796 219 3855 Hb.
286 3802 330 3853 27.
347 3812 416 3865 quae
436 3797 468 3851 G.
486 3811 511 3848 r.
530 3812 573 3862 τι,
591 3810 670 3862 quem
687 3797 723 3846 N.
741 3787 811 3859 Hb„
830 3805 911 3857 quum
929 3787 959 3840 P.
977 3785 1053 3836 Pecu.
1077 3797 1145 3850 pau-

53 3892 133 3942 rlunl
149 3888 194 3939 M.
248 3888 292 3940 28.
310 3884 405 3936 iratam
426 3883 458 3938 G.
469 3883 504 3935 R.
518 3881 575 3934 Hb.
630 3883 885 3943 'Augustamnicam
937 3876 980 3925 32.
998 3868 1026 3921 iu
1043 3883 1095 3920 om.
1105 3871 1144 3920 Η.

50 3981 103 4031 ³3.
126 3989 176 4041 per
193 3978 221 4026 le
240 3971 288 4038 6.,
312 3986 360 4038 pro
379 3985 421 4021 me
438 3971 483 4021 M.
552 3969 596 4022 35.
613 3967 686 4018 nullo
705 3965 750 4015 M.
770 3976 855 4028 equae
872 3959 1005 4010 formosae
1021 3951 1075 4007 Hb.
1096 3951 1147 4002 do-

51 4065 137 4117 lores
157 4059 190 4124 7.
213 4058 246 4110 G.
317 4055 604 4112 extenuationem.
674 4054 719 4104 38.
740 4063 814 4100 sacer
831 4049 971 4097 externum
989 4075 1048 4094 ....
1068 4035 1146 4104 (reli-

50 4161 116 4218 qum
135 4145 222 4196 uoulso
238 4143 356 4208 urouplue
370 4141 506 4207 perierunt
521 4135 759 4206 cumulemur.
775 4129 836 4198 nee]
849 4146 901 4182 uon
915 4125 968 4184 Hb.
1014 4120 1145 4181 usdrau—
1246 4205 1248 4210 V

48 4236 126 4288 date
146 4232 180 4285 θ.
249 4231 294 4282 40.
313 4225 450 4280 offensam
467 4229 504 4276 N.
520 4239 546 4277 u.
562 4224 596 4276 Β.
616 4224 693 4278 Perr.
711 4223 751 4276 H.
769 4219 800 4276 V.
817 4220 878 4282 M„
903 4211 1013 4266 Iulenua
1028 4223 1057 4263 o.

134 4329 192 4398 lx,
213 4334 238 4384 1.
261 4325 387 4380 heuusco
402 4325 440 4382 li.
515 4321 542 4381 2.
564 4327 642 4377 mora
660 4322 697 4391 Ν.
721 4317 900 4392 rubricatum
915 4313 1004 4380 calpa.
1072 4309 1099 4366 a.
1115 4301 1145 4358 in

47 4433 114 4472 om.
136 4413 192 4470 Hb.

810 4445 940 4551 Ἣ
