2762 4972
107 342 109 351 ’
204 323 260 406 70
520 322 714 402 (locutionum
730 339 814 398 Libat
833 341 975 400 emundas.
1016 321 1024 332 Χ
1077 417 1079 422 Α

210 531 359 598 quamquo
382 513 485 580 intime
506 513 623 579 alienos
647 532 707 580 nou
729 513 819 580 modo
844 532 966 595 sensus,
990 533 1096 582 uerum
1124 513 1219 582 etlam
1242 510 1290 579 di·

115 601 116 612 ’
210 599 300 666 cendi
328 619 443 682 genera
470 601 622 665 imbiberit
647 610 678 666 ot
703 620 759 665 sua
786 602 894 666 lecerit
919 601 967 667 Eia
988 601 1034 681 ll,
1057 605 1120 679 34,
1142 607 1198 668 61.
1220 619 1286 684 sqq.

211 687 272 758 soli
298 689 371 752 satis
398 688 513 776 possint
539 686 712 765 declarare,
740 686 793 750 nbi
819 689 852 750 iu
878 689 1069 752 recensendis
1096 690 1199 770 poetis
1228 687 1291 754 ele·

59 771 61 783 ’
176 843 179 850 Ἰ
212 774 309 854 glacis
335 791 438 837 eoram
461 775 593 856 ipsoram
614 774 715 837 serbis
734 774 779 837 ita
806 775 915 836 ebusus
943 783 1003 852 cst,
1032 784 1067 839 ut
1092 775 1168 838 illos
1194 773 1233 838 dc
1258 791 1291 839 sa

210 858 368 941 loquentes
399 860 509 924 iecisse
541 859 687 942 uideatur.
736 860 841 939 lthuc
871 853 986 923 initiam
1017 859 1165 927 Aeneidis
1198 861 1289 925 habet
1367 895 1369 901 2

211 962 240 1011 ι.
262 949 315 1011 63.
335 948 404 1024 64,
430 960 499 1012 mox
518 945 647 1026 Thyrsin
675 953 705 1009 et
725 943 864 1028 Daphnin
890 963 928 1010 ex
948 945 1013 1009 Ecl.
1034 948 1073 1013 V.
1096 955 1128 1010 et
1151 947 1217 1014 Vll.
1240 965 1291 1010 ar·

212 1033 319 1107 cessit,
353 1041 383 1096 et
412 1032 511 1113 Tityri
542 1033 596 1094 sub
622 1047 754 1114 persona
783 1031 948 1095 latitantem
976 1033 1140 1113 Virgilium
1168 1032 1292 1096 amabili

213 1117 281 1181 lusu
298 1118 392 1200 ipsius
410 1118 474 1182 eius
490 1118 626 1181 uersibus
652 1116 804 1200 paululum
822 1115 911 1180 modo
929 1119 1088 1183 immutatis
1112 1119 1291 1201 alloquitur.

213 1202 330 1282 Quodsi
361 1202 399 1265 de
432 1205 654 1285 superioribus,
684 1204 736 1285 qui
763 1222 792 1268 ι.
815 1207 967 1269 31-40.
996 1215 1162 1286 tanguntur
1190 1205 1291 1288 potius

149 1291 152 1297 ’
186 1325 188 1332 -
212 1307 301 1370 quam
321 1300 522 1365 recensentur,
541 1291 639 1371 poetis
660 1289 769 1352 certius
786 1288 858 1369 qpid
880 1289 1033 1355 afirmare
1045 1309 1173 1374 operum
1188 1309 1291 1354 eorum

209 1375 328 1440 lactura
353 1385 503 1454 rotamur,
531 1393 620 1439 uersa
648 1384 745 1438 tomen
772 1379 825 1452 91.
848 1394 914 1459 sqq.
944 1377 1015 1458 quin
1048 1379 1147 1459 ipsius
1181 1377 1292 1442 Galli

210 1461 304 1526 uerba
325 1463 484 1544 apropria
503 1461 731 1541 significatione,
744 1479 838 1543 ,quam
858 1462 890 1524 in
910 1463 1042 1526 carmina
1058 1464 1232 1540 habuerint,
1252 1460 1292 1527 ad

211 1556 323 1630 poetae
339 1549 426 1610 illius
446 1548 536 1612 sitam
560 1555 591 1612 et
612 1547 720 1612 exitum
743 1547 859 1610 deflexa
881 1549 1077 1631 expresserit,
1102 1567 1293 1632 nequaquam

212 1631 351 1696 dubitare
371 1652 427 1697 nos
447 1632 488 1696 ad
509 1632 764 1716 interpretationis
783 1633 975 1699 Germanicae
994 1635 1015 1698 l.
1036 1653 1063 1698 c.
1085 1637 1292 1700 indicarimus.

209 1718 344 1801 Namque
379 1719 581 1803 Euphorionis
615 1719 838 1795 Chalcidensis,
871 1721 953 1784 cuins
982 1707 1136 1785 ’Ἀτακτα
1176 1722 1291 1787 Gorne-

207 1802 281 1868 lium
304 1805 421 1870 Gallum
447 1806 670 1886 interpretatum
698 1822 766 1870 esse
794 1806 900 1870 scimus
933 1807 987 1884 (cf,
1008 1805 1045 1870 1..
1065 1808 1091 1872 l.
1116 1825 1146 1872 c.
1164 1809 1196 1874 5.
1222 1807 1293 1872 liis·

209 1898 311 1954 scrtat.
336 1889 374 1955 de
393 1891 484 1972 Prop.
507 1891 611 1956 cmicc.
630 1900 659 1954 et
679 1901 790 1955 amorr.
811 1910 841 1974 p.
856 1892 887 1957 5.
909 1909 939 1954 n.
955 1896 1007 1956 26.
1029 1893 1118 1958 Seru.
1143 1894 1183 1957 sd
1204 1894 1290 1972 Virg.

208 1974 275 2040 Ecl.
293 1975 351 2052 Vl,
372 1978 456 2053 72),
481 1975 677 2058 fragmentum
699 1977 848 2061 excerptis
868 1977 1033 2044 Ptolemaei
1055 1979 1292 2066 Hephaestionis

210 2079 262 2145 sp.
281 2062 367 2130 Pbot.
387 2060 474 2128 GXG.
497 2073 659 2129 serratum:
681 2111 682 2116 η

894 2141 1025 2207 Κωκυτὸς

447 2215 567 2275 Maricae
584 2211 633 2286 ἀφ’
653 2210 733 2268 ἕλκεα
750 2215 835 2282 νίψεν
845 2207 966 2270 'Idimum
981 2241 1018 2258 -

209 2315 289 2402 quod
311 2315 384 2382 solis
405 2319 572 2382 nominibus
598 2318 775 2401 permutatis
798 2316 922 2387 eandem
950 2335 1077 2401 prorsus
1105 2337 1196 2402 quan
1216 2319 1292 2383 Pro·

209 2405 341 2488 portiani
368 2421 470 2470 uersus
499 2406 672 2468 senteutiam
694 2403 831 2481 exhibet,
860 2422 947 2486 quam
968 2414 1038 2487 apte
1059 2403 1099 2468 ad
1125 2407 1192 2471 lata
1213 2405 1292 2472 Galli

211 2499 344 2554 eruens
364 2491 522 2555 transferri
542 2492 691 2573 potuerit,
712 2490 804 2553 facile
827 2493 872 2555 cit
893 2489 933 2554 cd
954 2491 1206 2573 perspiciendum.

196 2609 202 2614 -
311 2573 358 2639 Ab
378 2576 482 2640 eadem
502 2576 603 2640 indole
629 2576 845 2640 fabularum
870 2577 1058 2660 antiquorum
1080 2575 1221 2641 doctriua
1245 2583 1291 2640 est

208 2660 388 2742 repetenda,
409 2680 470 2743 qna
489 2672 523 2726 ut
542 2663 694 2727 rarissime
715 2662 870 2740 Tibullus,
892 2663 936 2727 ita
955 2663 1197 2744 frequentissime
1215 2664 1292 2727 Pro·

208 2748 324 2830 portius
351 2767 422 2812 usus
449 2758 510 2826 est,
540 2758 574 2812 ut
598 2750 714 2824 lentes,
742 2747 821 2812 unde
851 2765 917 2811 eam
941 2749 1203 2826 hauserit,·nunc
1228 2765 1291 2811 nou

207 2850 280 2896 raro
313 2831 499 2899 delitescant.
549 2834 597 2898 Gt.
623 2834 813 2910 E1.1,11‚
843 2837 894 2914 11.
924 2837 984 2910 13,
1010 2837 1062 2898 21.
1095 2836 1142 2912 11,
1171 2841 1208 2913 1,
1235 2839 1287 2899 61.

191 2923 242 2995 2,
263 2923 294 2983 7.
310 2924 360 2983 11.
377 2924 427 2985 12.
442 2921 594 2987 51-54.
617 2923 648 2996 8,
668 2921 819 2984 29-38
843 2923 895 2996 28,
913 2924 964 2984 29.
987 2919 1046 2996 111,
1067 2923 1118 2996 18,
1137 2922 1289 2985 31-34.

188 3001 254 3081 ll,
277 3007 335 3081 28,
360 3007 414 3070 51.
445 3011 504 3083 32,
529 3007 582 3070 35.
612 3011 671 3081 34,
698 3009 750 3070 38.
786 3004 847 3080 111,
876 3009 915 3080 1,
943 3009 996 3070 27.
1026 3009 1063 3082 6,
1089 3010 1144 3071 41.
1172 3011 1210 3085 7,
1236 3007 1289 3069 21.
1375 3033 1376 3080 ;

208 3094 269 3168 11,
291 3095 439 3174 13-16
467 3095 525 3166 13,
546 3093 599 3156 25.
628 3092 859 3166 15,11-24.
888 3093 946 3167 18,
968 3093 1020 3154 31.
1048 3096 1107 3172 22,
1129 3095 1162 3158 4.
1214 3091 1288 3170 Qui·
1375 3085 1376 3116 l

195 3175 317 3240 'bussi
343 3185 420 3242 nunc
448 3177 564 3258 quidem
586 3175 743 3241 obscurior
770 3173 918 3240 interdum
938 3175 1091 3255 uideatur,
1117 3194 1179 3241 nou
1200 3193 1289 3240 accu-

208 3262 301 3326 sabis.
343 3263 419 3326 Nam
440 3273 499 3324 mou
519 3261 608 3325 modo
628 3262 773 3325 communi
795 3261 958 3325 studiorum
977 3263 1095 3326 radone
1117 3265 1158 3327 ab
1176 3279 1289 3344 aequa-

207 3346 288 3410 libus
306 3350 403 3429 probe
424 3346 590 3423 tenebatur,
612 3380 652 3396 -
674 3349 757 3430 atqui
778 3349 825 3411 his
844 3349 972 3412 maxime
994 3349 1146 3413 scribebat
1167 3381 1211 3392 -
1233 3343 1287 3412 scd

208 3451 244 3496 re
265 3450 339 3497 uera
368 3433 476 3498 melior
504 3432 595 3496 animi
621 3450 708 3515 pars¹
723 3435 755 3497 in
780 3436 953 3516 praeteritis
974 3436 1074 3516 potius
1095 3435 1288 3517 temporibus,

208 3535 298 3600 quam
332 3521 365 3583 iu
397 3520 605 3601 praesentibus
640 3536 699 3581 non
735 3517 892 3583 admodum
924 3519 1062 3583 iucundis
1096 3522 1287 3586 cessabatur.

206 3603 372 3670 Praeterea
403 3605 522 3669 illarum
554 3604 722 3668 fabularum
756 3605 889 3685 quotidie
919 3623 1016 3688 paene
1049 3605 1216 3670 admonitus
1244 3608 1289 3666 est

209 3691 345 3770 egregiis
366 3708 543 3755 summorum
564 3691 709 3754 artificum
726 3691 879 3772 operibus,
899 3691 1124 3772 pretiosissimis
1140 3690 1287 3756 Graeciae

208 3776 330 3856 spoliis,
358 3779 465 3860 quibus
494 3786 555 3841 tum
581 3776 677 3841 Roma
702 3777 909 3840 incredibilem
934 3778 967 3839 in
996 3777 1116 3842 modum
1142 3777 1290 3856 scatebat.

210 3860 259 3924 lli.
279 3861 363 3926 Flos.
385 3863 431 3940 ll,
454 3867 507 3957 ¹⁶t
530 3863 670 3926 Strabun.
687 3861 768 3926 Vlll.
788 3879 815 3925 c.
831 3866 862 3927 6.
883 3862 911 3947 §.
926 3867 979 3927 23.
999 3863 1115 3930 Vitruu.
1131 3865 1168 3942 V,
1184 3866 1216 3926 4.
1234 3859 1285 3922 lim.

205 3945 311 4028 Polpb.
333 3947 393 4026 IX,
420 3952 484 4014 to.
505 3949 585 4012 Plio.
610 3948 648 4010 N.
669 3947 707 4012 ll.
733 3947 879 4024 XXXIV,
905 3953 943 4023 2,
964 3952 995 4014 3.
1028 3953 1066 4028 7,
1089 3953 1141 4015 17.
1164 3941 1286 4018 XXXVs

207 4035 268 4108 46,
290 4035 342 4098 24.
366 4033 511 4109 XXXVl,
533 4037 592 4110 24,
607 4038 639 4099 7.
663 4033 793 4097 Pausan.
812 4033 883 4111 Vll,
905 4037 956 4098 16.
984 4032 1051 4098 Lis.
1070 4033 1212 4109 XXXlV,
1232 4033 1286 4096 52.

206 4116 354 4196 XXXIX,
374 4121 405 4186 5.
423 4119 546 4197 XXXV,
568 4123 621 4185 39.
641 4121 695 4184 to.
723 4119 876 4184 Plutarch.
895 4121 977 4184 dem.
996 4119 1095 4184 Pauli.
1116 4125 1169 4186 32.
1189 4119 1286 4184 Fron-

206 4204 260 4268 tin.
281 4204 376 4270 strat.
403 4203 465 4286 111,
485 4209 524 4282 4,
554 4205 606 4270 15.
645 4203 768 4270 Sallust.
799 4204 863 4268 (lat.
890 4208 942 4269 11.
978 4205 1102 4270 Sueten.
1124 4206 1211 4270 (lass.
1233 4202 1286 4267 47.

204 4289 282 4372 Aug.
304 4294 356 4357 31.
377 4291 432 4358 57.
467 4290 625 4382 Winkelm.
648 4289 724 4356 ldist
744 4291 824 4356 Artt.
849 4291 897 4370 X,
923 4293 955 4355 3.
983 4291 1012 4377 b.
1032 4295 1086 4359 21.
1113 4291 1176 4372 XI,
1202 4291 1233 4356 1.
1254 4287 1285 4350 2.
