2822 4976
262 387 307 450 44
584 377 796 450 Paaruaull
816 377 882 447 ut:
902 383 948 462 ll,
969 381 1023 448 9.

305 549 684 638 Fcedauitqueccmcs,
706 553 844 620 attacti
866 571 985 640 corpus
1005 552 1128 623 Achilli

348 653 559 740 Maximaque
580 657 613 720 iu
634 673 741 741 parva
761 657 895 723 sustulit
917 675 998 722 ussa
1019 677 1128 740 manu,

251 769 289 827 ,u
308 753 389 824 cum
410 759 469 822 tibi
490 774 553 823 uec
573 757 695 823 Peleus
716 757 834 824 aderat
854 777 917 826 nec
938 759 1211 844 acclamatur,

346 856 467 942 Scyria
487 874 550 923 uec
570 856 670 925 vidua
687 858 863 924 Deidamia
883 862 964 925 viro.

305 963 398 1032 Tunc
418 965 520 1049 igitur
540 964 632 1028 veris
654 962 824 1051 'gaudebat
845 960 988 1029 Graecia
1008 965 1113 1029 natis:

347 1067 440 1132 Tunc
461 1067 559 1131 etiam
579 1065 660 1132 felix
682 1068 768 1132 inter
791 1075 825 1133 et
845 1085 936 1132 arma
958 1066 1073 1152 pudor.

305 1170 353 1235 At
374 1173 410 1232 tu
430 1184 496 1233 nou
514 1184 580 1232 uua
600 1168 736 1252 patuisti
756 1173 854 1233 nacte
874 1185 1010 1250 vacare,

261 1290 289 1337 aa
347 1273 469 1359 impia,
487 1290 552 1337 uun
576 1291 672 1338 uuum
694 1272 767 1338 scla
788 1291 923 1338 manere
944 1271 1041 1338 diem.

306 1376 392 1462 Quin
414 1379 511 1442 ctiam
532 1375 632 1441 multo
656 1375 800 1442 duxistis
823 1375 940 1462 pocula
961 1379 1048 1442 risu:

346 1481 499 1544 Forsitan
521 1485 554 1544 et
576 1477 617 1543 de
639 1495 691 1544 mc
713 1480 817 1544 verba
838 1479 932 1545 fuere
952 1479 1047 1543 mala.

303 1583 368 1652 Hic
387 1585 483 1648 ctiam
505 1583 642 1666 petitur,
665 1583 721 1667 qui
741 1588 775 1647 te
799 1584 890 1668 prius
912 1585 985 1667 ipse
1006 1582 1147 1666 reliquit.

348 1681 393 1750 Di
413 1684 553 1765 faciant,
575 1684 641 1748 istc
663 1688 761 1767 capta
781 1683 892 1748 fruare
910 1685 998 1749 viro!

261 1800 288 1848 aa
306 1787 401 1854 llaec
420 1782 498 1854 mihi
517 1791 596 1850 vcta
618 1791 706 1851 tuam
725 1792 858 1872 propter
878 1793 1036 1871 suscepta
1048 1785 1211 1863 salutem,

349 1887 430 1956 Cum
451 1890 560 1973 capite
582 1885 644 1953 huc
664 1886 894 1977 Stygiaaiam
916 1897 1105 1976 paterentur
1127 1901 1246 1974 aquae,

301 1992 488 2062 Eclectum
510 1991 627 2055 flentes
649 1994 769 2056 circum
793 1999 958 2058 staremus
979 1988 1098 2058 amici?

344 2096 409 2164 Hic
428 2095 483 2160 ubi
503 2098 587 2174 tum,
607 2091 688 2177 proh
708 2092 760 2176 di,
778 2095 919 2179 perfida,
942 2098 1060 2180 quisve
1080 2091 1170 2159 fuit?

304 2195 391 2288 Quid
413 2197 444 2260 si
464 2194 660 2282 longinquos
682 2197 844 2261 retinerer
861 2197 955 2262 miles
978 2195 1019 2261 ad
1040 2195 1154 2279 ludos,

260 2324 288 2370 aa
348 2303 417 2369 Aut
438 2316 512 2364 mea
535 2300 565 2362 si
587 2305 694 2364 staret
715 2302 813 2364 navis
835 2303 867 2365 iu
891 2296 1052 2368 Oceano?

304 2405 376 2476 Sed
398 2404 493 2471 uubis
515 2402 614 2467 facile
638 2409 705 2484 est,
728 2405 831 2469 verba
853 2411 886 2470 et
909 2421 1102 2489 componere
1124 2397 1273 2470 fraudes:

345 2507 419 2573 Hoc
439 2524 536 2569 uuum
560 2502 673 2597 didicit
696 2505 817 2568 semina
836 2523 967 2590 semper
989 2526 1084 2589 opus,

301 2612 376 2686 Nau
397 2609 447 2673 sic
468 2608 594 2671 incerta
616 2611 780 2673 mutantur
799 2608 928 2672 ilamiue
946 2591 1102 2692 Syrtes*

343 2714 417 2778 Nec
436 2710 516 2775 lolia
539 2707 673 2774 hiberno
696 2717 762 2774 tam
784 2713 977 2776 tremefacta
999 2713 1097 2793 Noto,

257 2837 284 2887 a
302 2817 406 2900 Quam
427 2816 492 2880 cito
515 2813 656 2878 feminea
677 2832 742 2878 uon
765 2821 894 2880 canstat
915 2813 1033 2879 faedus
1055 2816 1089 2878 iu
1111 2816 1175 2896 ira,

344 2916 427 2984 Siva
448 2931 489 2978 ca
511 2930 614 2979 causa
634 2915 770 2999 gravis,
791 2917 865 2979 sive
888 2932 928 2979 ca
950 2914 1171 2998 carrsaleuis,

231 3013 234 3015 ’
300 3023 415 3100 Nunc,
438 3017 589 3102 quoniam
611 3017 678 3079 istc
699 3016 758 3081 tibi
781 3016 901 3101 placuit
922 3019 1105 3099 sententia,
1129 3015 1254 3098 cedam,

341 3122 443 3203 Tela,
464 3137 597 3204 precor,
618 3121 730 3203 pueri,
747 3103 888 3204 'promite
911 3129 1009 3186 acuta
1029 3122 1151 3208 magia

298 3225 410 3311 Figite
431 3226 616 3298 certantes,
637 3225 738 3304 atque
759 3220 846 3288 hauc
866 3221 944 3286 mihi
964 3223 1086 3288 solvite
1106 3225 1228 3292 vitam:

255 3343 283 3391 se
342 3325 492 3412 Sanguis
513 3325 576 3390 erit
595 3322 690 3388 vobis
711 3325 855 3389 maxima
877 3325 985 3412 palma
1004 3343 1107 3392 meus.

656 3433 678 3480 ἢ
763 3474 801 3520 ,4
901 3435 923 3482 ἢ

330 3611 372 3659 13.
399 3601 492 3658 achilla
514 3619 555 3670 rc,
586 3601 688 3656 achillis
713 3606 744 3656 P.
763 3621 804 3672 ra,
833 3602 922 3662 aciriffi
946 3607 981 3658 D.
1069 3606 1111 3660 ll.
1135 3599 1256 3657 substulit
1278 3597 1304 3648 G.

255 3693 298 3744 15.
315 3691 386 3746 Quo.
456 3694 497 3740 16.
516 3686 593 3752 Syria
610 3704 634 3739 r.
650 3689 680 3745 V.
750 3695 792 3746 li.
810 3688 873 3741 viris
887 3695 921 3745 N.
932 3687 985 3742 Hb.
1006 3689 1085 3740 castis
1103 3691 1137 3740 D.
1149 3693 1185 3741 ΙΙ.
1201 3688 1230 3740 l'.
1241 3685 1275 3735 M.
1286 3697 1305 3734 r.

252 3775 339 3840 gratia
359 3774 391 3828 G.
458 3777 501 3825 21.
521 3771 620 3823 <luxisti
641 3774 673 3824 G.
691 3789 715 3828 r.
734 3775 767 3825 A.
792 3775 856 3824 luxu
877 3774 908 3829 Ρ.
924 3791 965 3840 ra,
983 3774 1028 3824 sed
1045 3779 1164 3824 austrum
1180 3775 1262 3823 laetula
1277 3766 1305 3815 D·

253 3863 279 3909 el
298 3855 445 3909 Helisaci
514 3859 555 3908 22.
576 3861 603 3906 et
620 3855 676 3906 risu
696 3856 729 3908 de
750 3857 780 3912 V.
848 3859 890 3909 24.
911 3857 1083 3910 Diluta.
1152 3848 1304 3912 25.Νοο6.

252 3955 278 3994 a.
296 3941 329 3992 D.
415 3943 459 3993 27.
483 3920 711 3992 circumstarefuus
729 3943 764 3992 R.
780 3940 832 4007 A..
886 3944 943 3997 ·28.
968 3939 1017 3992 tibi
1034 3941 1109 3996 Pecs.
1135 3945 1192 3993 tur
1213 3951 1257 3987 θυι
1273 3935 1303 3982 Η·

251 4023 339 4093 prodii
356 4025 407 4089 It„
432 4036 481 4088 pro
499 4022 536 4072 dii
554 4021 623 4090 1111„
651 4021 716 4090 proh
734 4023 771 4075 dii
789 4025 826 4076 N.
911 4031 954 4080 29.
977 4023 1115 4087 longincus
1139 4021 1259 4074 retineret
1276 4015 1302 4065 G.

189 4169 191 4173 ,
251 4113 296 4166 ³0.
314 4123 428 4161 occeano
444 4108 482 4161 N.
550 4107 915 4177 3}.u0bis(t.pr.m.11d.
994 4113 1037 4162 36.
1056 4123 1088 4159 ea
1107 4124 1157 4160 cm.
1174 4108 1211 4160 Μ.
1228 4101 1303 4154 cale·

250 4194 291 4247 vis
308 4192 360 4249 Illa
419 4196 462 4244 37.
479 4191 538 4258 ipsa
554 4200 591 4248 II.
652 4198 695 4248 38.
715 4197 819 4263 precor]
840 4195 947 4262 quidem
964 4192 1017 4250 Hb.
1029 4196 1063 4248 D.
1075 4195 1119 4246 Μ,
1137 4191 1255 4260 promitte
1264 4189 1302 4247 N„

242 4274 327 4351 *figite
349 4293 391 4342 ra,
416 4275 529 4342 promite
548 4278 582 4329 D.
601 4278 677 4334 Perr.
694 4280 751 4347 M„
775 4285 897 4347 prompte
913 4293 958 4346 pr.
975 4293 1011 4331 m.
1028 4274 1081 4340 Hd.
1108 4274 1202 4344 magis]
1225 4282 1299 4324 mauu·

251 4364 296 4418 du.
313 4360 388 4415 nabis
408 4361 441 4416 6.
457 4377 482 4416 c.
502 4361 568 4415 meis
584 4379 608 4419 r.
664 4420 665 4427 χ
