2834 4972
241 295 294 372 60
320 302 324 318 ’
555 311 748 372 Quaestionum
765 309 848 364 Liber
865 310 1006 366 secundus.

243 501 280 546 ne
310 484 440 546 nuribus
468 484 583 567 quidem
612 485 727 564 integer
755 484 793 547 ab
821 483 943 563 antiqua
966 481 1171 546 Romanorum
1198 478 1318 544 dicendi

243 568 398 644 libertate,
431 589 450 631 a
477 591 537 652 qua
564 572 674 652 reliqui
708 569 850 651 aequales
883 585 941 631 non
974 567 1179 647 degenerant,
1212 569 1243 628 in
1272 568 1315 631 ui·

243 653 302 716 lem
322 657 446 733 Aurgusti
473 658 597 720 numinis
626 656 824 720 adulationem
851 653 902 734 (ci.
923 653 1013 717 Trist.
1035 654 1080 730 ll,
1103 656 1156 717 64.
1183 652 1270 714 Pont.
1292 653 1316 727 l,

118 757 126 770 ·
244 743 275 812 4,
293 741 360 821 56.)
382 740 530 823 delapsus,
551 743 698 806 libertatis
719 741 852 807 uindices
870 740 1076 821 Philippenses
1098 739 1315 802 sceleratorum

243 828 358 888 nornine
378 836 481 889 notare
504 845 562 890 non
581 839 700 892 veretur
720 829 814 907 (Fest.
828 828 864 902 V,
883 829 955 891 570.
977 823 1069 906 squ).
1113 825 1199 888 llaec
1220 834 1316 887 tamen

242 915 341 974 cmuia
362 915 459 990 magni
484 915 597 992 ingenii
623 932 730 993 magua
748 915 822 979 uitia
848 910 952 975 sedulo
978 921 1099 974 notasse
1121 929 1160 974 ne
1186 910 1315 974 inuidio-

242 1015 306 1058 sum
334 996 484 1062 uideatur:
511 1001 557 1062 bis
587 1001 694 1080 optime
721 999 867 1062 illustrari
897 995 1074 1060 credidimus
1105 1014 1222 1058 omnem
1252 996 1314 1058 eius

241 1082 300 1145 uiri
326 1093 476 1160 naturam,
504 1105 590 1167 quam
609 1085 762 1148 hodiernis
784 1085 878 1148 Gallis
899 1083 997 1145 multis
1019 1084 1110 1145 rebus
1133 1082 1313 1144 simillimam

242 1185 300 1231 non
320 1169 431 1232 iniuria
451 1172 578 1235 mireris.
621 1173 694 1234 Nam
710 1173 818 1235 uitiosa
840 1180 870 1233 et
889 1171 919 1232 in
936 1169 1043 1232 ceteris
1063 1186 1121 1250 per
1141 1187 1176 1231 se
1194 1167 1312 1230 facilius

240 1255 461 1333 intelliguntur,
482 1267 511 1320 et
532 1259 562 1320 iu
585 1257 710 1332 Ouidio,
732 1260 781 1320 ubi
803 1256 877 1319 nibil
898 1264 965 1318 suut
986 1255 1043 1317 nisi
1068 1256 1156 1335 ipsae
1178 1256 1312 1329 uirtutes,

242 1343 371 1420 quaein
394 1359 429 1404 eo
452 1344 561 1406 multae
589 1344 706 1406 bierunt
732 1353 761 1406 et
788 1342 981 1424 praeclarae,
1009 1340 1060 1402 sed
1085 1350 1194 1402 anctae
1214 1341 1247 1402 in
1268 1339 1312 1400 ni-

241 1427 329 1488 mium
352 1436 381 1490 et
400 1447 491 1510 supra
513 1448 600 1510 quam
621 1429 715 1492 decet.
756 1429 860 1508 ltaque
881 1429 930 1490 ubi
957 1427 1110 1488 materiem
1132 1435 1239 1488 nactus
1260 1443 1310 1487 ua·

241 1522 328 1575 turae
350 1532 421 1576 suae
442 1515 608 1591 idoneam,
624 1515 764 1595 egregius
787 1523 846 1589 est,
872 1522 903 1576 ut
928 1514 958 1574 iu
978 1514 1065 1586 Arte,
1091 1521 1121 1574 et
1142 1513 1311 1591 triricuuque

242 1608 294 1661 aut
314 1601 360 1661 sui
382 1603 522 1682 temporis
543 1619 640 1663 mores
662 1611 713 1664 ant
737 1601 863 1663 omnium
884 1607 1044 1678 temporum
1066 1613 1238 1659 communes
1261 1597 1312 1658 de·

242 1685 347 1748 scribit
367 1685 478 1764 (ibid).
521 1687 664 1751 Versuum
684 1687 797 1751 numeri
818 1686 926 1766 ubique
947 1684 1008 1746 illis
1029 1684 1201 1746 rationibus
1222 1700 1310 1766 pror-

242 1788 292 1832 sus
321 1771 533 1835 accommodati
564 1774 617 1850 (cl.
646 1790 700 1836 uos
730 1773 760 1834 in
794 1789 919 1834 censura
947 1770 1017 1831 libri
1047 1769 1217 1850 Gruppiani
1243 1769 1262 1830 l.
1286 1768 1308 1833 l.

240 1875 287 1919 nr.
311 1861 381 1922 129.
404 1878 433 1939 p.
455 1859 572 1936 lues).
616 1858 688 1922 Nem
711 1860 791 1923 leues
814 1866 844 1920 et
868 1856 927 1938 ipsi
948 1865 978 1919 et
1000 1856 1235 1936 properantibus
1255 1872 1308 1936 pe-

241 1941 326 2004 dibus
350 1945 487 2020 mobiles,
515 1947 629 2024 arguti,
658 1946 753 2008 incisi.
795 1945 835 2006 tt
859 1942 954 2005 sicubi
981 1957 1056 2022 cpus
1078 1942 1215 2018 ridetur,
1239 1940 1309 2006 Oui-

240 2027 306 2090 dius
329 2046 446 2110 quoqne
466 2050 573 2110 graues
597 2049 749 2094 mensuras
776 2027 861 2093 addit
883 2037 912 2090 et
938 2044 1002 2090 cum
1022 2044 1082 2088 non
1103 2027 1194 2090 mode
1215 2026 1309 2091 uersi·

185 2163 188 2169 ⁴
240 2113 296 2176 bus
323 2116 441 2179 fortiter
466 2119 615 2199 percussis
641 2115 743 2181 ieram
764 2115 853 2179 etiam
873 2129 976 2179 uocum
1002 2115 1103 2177 souitu
1128 2131 1236 2178 sensus·
1255 2130 1308 2194 ap·

239 2210 363 2282 pareat,
383 2203 472 2266 mirus
492 2203 631 2267 laudatur
651 2203 770 2269 artifex.

342 2287 404 2350 Iam
421 2307 507 2366 vero,
528 2298 559 2352 ut
578 2288 696 2353 tandem
718 2289 756 2352 cd
774 2287 869 2369 ipsum
887 2286 1130 2369 Propertium
1151 2282 1319 2367 pervenio-⁴

241 2389 320 2448 mus,
352 2373 437 2436 buius
470 2377 647 2438 carminibus
682 2376 758 2438 duae
786 2376 911 2437 maxime
942 2392 991 2438 res
1020 2373 1176 2454 proprium
1205 2379 1234 2432 ct
1260 2370 1307 2431 in·

242 2460 400 2522 extinctum
427 2461 571 2541 quendam
600 2463 731 2525 colorem
758 2461 908 2525 tribuunt:
936 2461 1060 2542 primum
1091 2457 1306 2521 concitaturum

242 2544 455 2609 affectuum
496 2548 626 2624 ardor,
662 2549 767 2630 quibus
801 2555 833 2610 nt
866 2547 931 2627 ipse
965 2545 1098 2626 'quamuis
1127 2549 1306 2606 maceratum

239 2631 372 2710 gaudere
392 2649 424 2694 se
444 2633 608 2716 profitetur,
626 2636 669 2698 ita
687 2636 798 2716 impetn
818 2632 905 2695 modu
927 2640 956 2695 et
976 2630 1100 2709 fragore
1119 2646 1227 2708 magno
1247 2627 1307 2688 ier·

239 2725 306 2791 tur,
337 2716 424 2780 modo
451 2721 590 2783 concitati
623 2723 712 2783 maris
743 2722 835 2782 instar
862 2719 983 2780 fluctuet
1010 2726 1039 2778 et
1068 2713 1233 2777 redundat:
1267 2711 1305 2773 ab

240 2802 338 2866 altera
366 2815 452 2884 parte
486 2824 608 2884 sagax
635 2816 664 2869 et
696 2815 728 2869 ut
756 2806 800 2868 ita
828 2803 922 2866 dicam
954 2802 1068 2864 molle
1099 2799 1305 2878 ingenium,

240 2888 320 2970 quod
345 2890 423 2954 udae
444 2893 570 2971 argillae
593 2894 687 2956 instar
706 2893 916 2972 impresseram
938 2905 1037 2951 rerum
1059 2887 1189 2966 uestigia
1214 2881 1306 2945 facile

238 2975 346 3056 recipit
374 2984 403 3039 et
432 2976 562 3042 fideliter
588 2986 695 3043 seruat.
743 2977 819 3040 Nam
846 2973 965 3038 adiutus
997 2981 1134 3055 prompta
1162 2967 1306 3033 memoria

241 3061 356 3136 omnia,
382 3079 458 3141 quae
481 3065 610 3126 carmine
636 3066 729 3144 digna
748 3062 802 3125 sub
824 3062 930 3125 mentis
957 3059 1051 3122 aciem
1070 3065 1230 3130 uenerunt,
1257 3070 1307 3115 ar·

241 3149 320 3226 gutis
348 3164 406 3210 non
433 3151 521 3212 modu
551 3150 639 3212 lineis
667 3149 809 3212 audacter
838 3155 867 3209 et
896 3145 935 3208 ad
960 3146 1113 3210 ueritatem
1141 3141 1306 3215 adumbret,

130 3255 133 3265 ·
239 3250 340 3298 uerum
358 3235 439 3296 succi
459 3244 488 3298 et
509 3237 660 3316 sanguinis
679 3237 784 3317 plenas
805 3232 949 3312 imagines
969 3231 1062 3293 ocubs
1083 3243 1254 3309 proponere
1277 3229 1306 3285 et

239 3318 455 3400 quodammodo
479 3321 562 3384 uiuae
587 3323 692 3385 iterum
718 3336 880 3403 procreare
906 3315 1004 3380 erodet.
1053 3315 1106 3378 llis
1134 3316 1159 3375 si
1187 3311 1305 3377 tertium

233 3403 409 3479 addideris,
439 3425 612 3488 quamquam
639 3409 750 3488 absque
777 3405 834 3468 boc
864 3402 941 3466 duae
968 3403 1051 3465 illae
1071 3398 1202 3462 rationes
1235 3413 1305 3460 cou-

238 3491 356 3553 iunctae
378 3509 414 3552 ne
437 3495 563 3572 cogitari
584 3492 702 3575 quidem
721 3491 852 3574 possint,
873 3490 1015 3552 animus
1038 3486 1095 3549 erit
1116 3485 1252 3547 firmus
1274 3486 1305 3542 ct

240 3578 435 3641 continens
469 3587 498 3642 et
524 3580 573 3659 qui
604 3581 668 3662 ipse
698 3580 755 3641 sibi
784 3586 951 3657 temperare
978 3590 1038 3635 nun
1066 3571 1189 3633 nesciat.
1240 3566 1304 3629 lloc

237 3666 314 3725 euim
336 3662 489 3726 destitutus
509 3682 594 3727 nemo
615 3682 652 3730 ex
670 3666 743 3746 ipsis
763 3664 866 3725 mentis
888 3660 983 3724 turbis
1005 3673 1156 3735 emergere
1176 3665 1304 3731 suosque

237 3748 375 3823 allectus,
402 3750 453 3812 uix
479 3752 627 3814 restinctis
651 3751 740 3813 animi
766 3747 927 3821 incendiis,
954 3755 1092 3824 tauquam
1117 3741 1208 3803 alieni
1237 3738 1305 3808 siut,

238 3834 401 3898 custoditos
431 3853 466 3897 eo
495 3854 553 3916 quo
581 3837 706 3898 diximus
732 3833 819 3897 modo
848 3832 999 3913 explicere
1026 3837 1056 3892 et
1084 3827 1224 3891 decenter
1252 3839 1316 3884 exv

238 3920 339 3983 colere
367 3921 507 4001 potuerit.
550 3922 654 4003 ltaque
678 3923 708 3984 in
736 3923 804 4002 ipss
830 3920 919 3999 copia
948 3933 1007 3977 non
1036 3913 1211 3978 eiduit-nec
1239 3922 1303 4006 curu

237 4007 365 4088 plurima
386 4015 419 4068 nt
440 4005 520 4071 dicut
537 4009 651 4070 animus
672 4007 795 4081 suadet,
816 4004 913 4067 omniu
933 4001 1054 4075 ebullit,
1074 3998 1126 4062 sed
1146 3998 1303 4060 eminentia

236 4093 333 4155 sulum
355 4100 385 4155 et
403 4091 495 4155 ueluti
518 4094 617 4173 capita
636 4111 735 4155 rerum
758 4092 823 4154 aori
845 4088 957 4151 iudicio
982 4087 1112 4161 delibat,
1141 4081 1304 4147 exuberan-

237 4186 293 4241 tem
316 4178 467 4240 materiem
489 4176 606 4241 dicendi
627 4178 752 4242 uinculis
775 4175 944 4258 compescit,
966 4173 1143 4253 superfluam
1164 4164 1305 4249 quodum-

234 4264 323 4328 modo
344 4271 558 4328 sarmentorum
577 4264 724 4332 luxuriem
742 4272 895 4345 amputare
915 4277 975 4322 nou
996 4257 1185 4338 dedignatur.
1228 4248 1307 4314 llut-
