2822 4976
411 351 627 422 PROPERTII
646 353 709 420 ΕΙ..
729 354 776 436 11,
797 355 851 424 24.
1122 369 1169 438 65

134 524 242 596 Tetra
261 537 394 590 venena
414 521 522 590 libens
545 528 581 592 et
600 525 785 617 naufragus
806 526 919 599 ebibat
938 533 1059 626 undas,

180 629 228 700 Et
249 648 423 718 numquam
444 648 504 716 pro
524 636 559 698 le
581 629 728 722 deneget
749 651 829 702 esse
848 639 951 708 miser
969 681 1013 694 -

137 737 232 820 Quos
254 737 377 802 utinam
397 737 432 802 in
453 735 570 820 nobis,
589 739 679 820 vita,
701 741 877 825 experiare
896 743 1030 820 labores
1049 779 1109 825 -ς
1150 765 1153 778 ’

88 857 118 902 oo
180 838 249 904 lam
270 837 330 903 tibi
352 835 395 902 de
416 835 541 902 timidis
563 838 629 902 isle
650 847 824 923 protervus
846 843 920 926 erit,
944 829 948 838 ¹

138 939 202 1024 Qui
223 959 310 1006 nune
332 956 371 1006 se
392 941 426 1005 in
445 937 601 1005 tumidum
623 941 778 1008 iactando
796 947 891 1012 venit
910 945 1080 1026 honorem:

177 1038 360 1106 Discidium
381 1038 478 1104 vobis
500 1025 668 1123 proximus
690 1057 796 1107 annus
819 1044 893 1112 erit.

134 1143 183 1212 Ar
203 1160 255 1207 me
276 1160 340 1209 non
364 1139 623 1236 hetastmutabit
646 1148 716 1236 tola
739 1142 902 1230 Sibyllae,

175 1247 250 1312 Non
270 1245 363 1311 labor
385 1243 543 1328 Alcidae,
566 1264 631 1311 non
652 1248 750 1336 niger
770 1247 827 1313 ille
843 1248 934 1318 dies.
1043 1233 1045 1240 ¹

86 1363 116 1409 aa
135 1349 187 1417 Tu
206 1365 281 1414 mea
302 1365 478 1434 compones
500 1355 535 1414 et
556 1346 665 1413 dices:
686 1347 826 1433 „ossa
845 1352 1009 1444 Properti,

175 1453 301 1536 „Haee
318 1457 377 1517 tua
403 1457 496 1516 sunt:
519 1447 582 1516 heu
605 1449 672 1516 heu
693 1456 728 1517 lu
749 1451 828 1518 mihi
852 1463 964 1524 certus
987 1478 1076 1531 eras.

129 1555 281 1641 „Certus
304 1570 381 1620 eras
402 1551 466 1619 heu
489 1551 571 1635 heu,
596 1556 749 1640 quamvis
771 1573 835 1623 nee
855 1561 1021 1647 sanguine
1041 1569 1133 1640 avito

173 1657 332 1742 „Nobilis
354 1662 389 1723 et
411 1657 561 1742 quamvis
584 1676 646 1722 non
670 1660 717 1722 ila
737 1656 836 1724 dives
857 1664 968 1728 eras.“

130 1759 186 1825 Nil
209 1776 273 1846 ego
294 1776 359 1823 non
379 1759 502 1843 patiar:
525 1775 699 1842 numquam
725 1776 778 1824 me
799 1760 919 1826 iniuria
937 1770 1058 1836 mutata

84 1876 116 1920 ro
174 1860 278 1924 Ferre
299 1877 364 1948 ego
385 1859 560 1925 formosam
582 1859 702 1925 nullum
724 1879 809 1926 onus
829 1878 909 1928 esse
928 1873 1016 1951 puto.

129 1961 240 2030 Credo
262 1978 327 2052 ego
349 1981 414 2028 non
435 1980 561 2047 paucos
583 1963 652 2029 isla
671 1965 815 2048 periisse
839 1965 957 2054 ligura,

172 2063 280 2130 Credo
303 2082 382 2153 ego:
410 2063 473 2130 sed
493 2065 612 2131 mullos
633 2084 698 2131 non
720 2063 880 2134 habuisse
901 2069 1009 2143 fidem.

126 2168 237 2235 Parvo
260 2165 377 2232 dilexit
400 2169 510 2253 spatio
529 2168 677 2234 Minoida
700 2168 866 2258 Theseus,

171 2269 326 2356 Phyllida
348 2269 579 2357 Demophoon,
601 2269 728 2356 hospes
751 2280 892 2360 uterque
910 2276 1028 2349 malus.

82 2373 279 2442 alentini
301 2373 436 2439 lasonie
458 2379 537 2439 nola
560 2380 613 2440 est
633 2372 757 2440 Medea
780 2379 906 2462 carina,

171 2475 220 2544 Et
242 2476 337 2544 modo
361 2482 496 2543 servato
518 2477 591 2543 sola
613 2477 728 2543 relicte
750 2478 833 2545 viro.
1160 2555 1163 2562 Ι

130 2577 228 2646 Dura
249 2585 319 2661 est,
342 2595 427 2665 quae
447 2577 557 2643 multis
580 2576 766 2642 simulatum
784 2577 880 2666 fingit
900 2594 1057 2668 amorem,

171 2679 219 2747 Et
240 2681 374 2766 sepius
396 2682 452 2746 uni
466 2682 506 2774 si
527 2697 593 2766 qua
615 2696 736 2769 parare
757 2686 878 2766 polest.

125 2782 203 2849 Noli
224 2783 406 2864 nobilibus,
427 2781 495 2848 noli
517 2781 668 2848 conferre
689 2781 815 2847 beatis:

79 2897 110 2942 ω
169 2887 237 2951 Vix
257 2886 367 2967 venit,
391 2890 539 2951 extremo
562 2884 617 2969 qui
637 2883 731 2972 legat
752 2900 834 2950 ossa
854 2881 919 2951 die.

127 2987 239 3056 litibi
259 3006 321 3053 nos
344 2988 483 3054 erimus:
505 2985 567 3052 sed
591 2993 626 3052 tu
648 2989 757 3072 potius
779 3005 896 3073 precor
917 2992 953 3056 ut
973 3005 1027 3056 me

164 3088 333 3156 Demissis
353 3087 496 3175 plangas
518 3093 655 3174 pectora
674 3086 763 3154 nuda
785 3091 898 3157 comis.

149 3370 193 3420 27.
219 3364 305 3418 Terra
326 3367 371 3421 M.
398 3364 484 3419 libans
508 3369 563 3435 H.,
590 3364 685 3420 bibens
704 3363 760 3420 Hb.
778 3367 815 3424 R.
901 3369 946 3424 28.
971 3362 1086 3434 denegat
1108 3369 1155 3422 M.

80 3458 124 3509 29.
144 3454 205 3508 Quo
223 3466 266 3518 pr.
285 3466 320 3504 m.
336 3449 390 3508 Illa.
411 3449 526 3519 utinam]
547 3455 638 3504 aulem
657 3451 692 3504 6.
770 3456 815 3507 30.
832 3453 973 3518 prolernns
990 3467 1033 3517 pr.
1050 3468 1086 3504 rra.
1099 3449 1156 3510 Hb.

77 3545 122 3595 31.
142 3553 172 3590 se
190 3553 241 3589 om.
256 3536 289 3589 6.
356 3541 399 3589 32.
417 3534 563 3588 Dissidlnm
583 3537 616 3590 G.
635 3535 712 3590 nobis
727 3534 784 3592 111³.
852 3541 896 3590 36.
906 3541 949 3593 37.
967 3535 1034 3590 elren
1051 3543 1089 3595 Ν.
1098 3537 1154 3594 Hh.

77 3639 122 3690 pr.
141 3638 175 3674 m.
194 3635 236 3688 ra,
267 3618 319 3672 heu
343 3617 396 3672 heu
416 3622 451 3673 D.
474 3624 512 3673 II.
533 3621 564 3678 V.
582 3624 628 3677 M.
721 3625 765 3680 38.
790 3619 918 3690 nonita]
943 3622 1032 3675 navita
1057 3638 1155 3680 omnes.

77 3715 122 3762 39.
143 3706 231 3776 patior
247 3711 284 3759 H.
302 3707 333 3762 V.
352 3723 415 3758 num
434 3722 502 3774 quae
518 3713 556 3759 H.
577 3711 661 3758 mutet
678 3710 716 3764 H.
774 3710 818 3761 49.
839 3723 892 3760 non
906 3710 943 3761 Η.
994 3708 1037 3764 41.
1054 3707 1157 3775 perisso

76 3790 236 3864 pamm.
296 3795 340 3848 42.
361 3791 447 3842 Crede
465 3808 491 3844 r.
550 3794 593 3846 44.
613 3791 763 3860 demophon
779 3792 833 3845 Hh.
854 3791 987 3845 hostisH.
1046 3795 1090 3846 45.
1109 3810 1156 3847 so-

76 3880 123 3933 nia
141 3896 185 3947 pr.
196 3895 230 3936 m.
241 3875 294 3932 Hir.
314 3875 384 3931 victa
400 3866 437 3929 H.
462 3881 503 3928 est
521 3893 570 3933 om.
584 3879 628 3928 M.
706 3880 751 3932 46.
770 3881 887 3947 serrato]
907 3877 999 3931 osonio
1011 3875 1078 3946 fla,
1101 3877 1154 3931 lal-

77 3963 129 4016 leei
151 3963 182 4020 V.
249 3964 293 4015 49.
313 3959 430 4014 nobilius
448 3976 474 4012 r.
493 3960 614 4014 conferre
632 3959 672 4013 dis
690 3959 765 4017 He..
815 3965 858 4020 50.
875 3961 941 4028 legit
957 3963 994 4016 D.
1014 3979 1058 4032 m,
1080 3962 1155 4030 legat

76 4053 116 4104 H.
131 4051 175 4107 M.
243 4045 343 4104 anni
363 4047 396 4100 G.
414 4049 450 4101 N.
469 4042 589 4114 emi
605 4048 660 4115 H„
682 4047 714 4100 ld
735 4049 771 4104 D.

42 4291 158 4382 ¹n.
