2822 4976
223 411 265 474 or
539 402 753 471 rnornnuu
773 403 837 471 nn.
857 404 903 485 11,
925 363 1016 473 aa

307 576 355 646 Et
376 573 503 644 coelom
524 579 624 640 noctu
646 573 698 639 bis
721 574 796 640 sine
817 593 901 665 rege
922 578 997 645 soit:

263 684 337 749 Nec
359 687 468 748 tamen
490 676 615 745 idcirco
636 678 802 766 languens
825 679 869 744 ad
888 681 1025 750 fulmina
1045 685 1159 756 venit..

306 785 425 852 Nullus
447 801 538 848 amor
558 784 651 848 vires
675 784 772 868 eripit
792 785 867 869 ipse
889 803 983 851 suas.

266 884 377 972 Quid?
399 905 472 952 curn
495 903 515 950 e
537 884 709 971 complexu
730 886 907 953 Briseidos
928 891 993 956 iret
1013 889 1173 976 Achillea,

220 1007 248 1052 eo
306 993 392 1056 Num
414 990 534 1077 fogere
555 992 661 1054 minus
683 987 851 1055 Thessala
873 991 940 1057 tela
961 989 1140 1080 Phryges?

264 1090 375 1178 Quid?
389 1094 481 1158 ferus
492 1090 746 1158 Andromachae
764 1092 883 1160 electo
903 1113 975 1176 eum
991 1104 1146 1186 surgeret
1157 1097 1301 1182 Hector,

305 1197 402 1263 Belia
422 1196 631 1281 Mycenaeae
653 1214 718 1261 non
740 1198 880 1264 timuere
901 1196 1021 1266 rates?

263 1291 323 1371 Ille
344 1301 400 1367 vel
421 1299 475 1366 hio
498 1300 629 1366 classes
652 1305 783 1384 poterut
803 1301 860 1367 vel
882 1301 1022 1387 perdere
1044 1322 1166 1374 muros.

301 1408 367 1475 Hic
390 1424 453 1493 ego
476 1402 628 1485 Pelides,
649 1401 704 1469 hic
725 1404 816 1470 ferus
839 1405 965 1472 Hector
987 1425 1063 1497 ego.

215 1529 243 1574 oo
260 1511 386 1596 Aspice
406 1510 455 1576 uti
476 1508 569 1574 caelo
592 1505 686 1573 modo
706 1508 758 1574 sol
781 1507 875 1575 ruodo
896 1509 973 1574 luna
994 1513 1174 1584 ministret:

304 1613 364 1683 Sic
386 1615 485 1678 etium
506 1613 604 1678 nobis
628 1629 692 1677 una
715 1612 825 1697 puella
847 1632 962 1699 parom
984 1623 1048 1683 est.

259 1719 377 1787 Altera
398 1735 450 1782 me
472 1715 601 1802 cupidis
624 1721 738 1781 teneat
758 1715 941 1802 foveatque
961 1719 1110 1807 lacertis,

299 1822 418 1890 Altera
440 1821 470 1885 si
493 1817 622 1906 quando
644 1838 711 1885 non
733 1822 813 1886 sinit
834 1839 914 1887 esse
937 1821 1060 1908 locum,

231 1979 237 1987 .
259 1928 328 1997 Aut
350 1927 381 1992 si
402 1925 487 1990 forte
509 1925 594 1989 irata
616 1940 688 1989 meo
710 1924 756 1988 sit
777 1924 869 1991 facta
890 1926 1050 2010 ministro,

213 2045 242 2088 ro
274 2019 276 2026 ’
302 2028 348 2095 Ut
371 2027 456 2093 sciat
478 2043 557 2090 esse
579 2025 696 2107 aliurn,
718 2044 805 2111 quae
827 2028 909 2094 velit
931 2047 1011 2094 esse
1031 2048 1116 2100 mea.

257 2131 344 2196 Nam
365 2127 482 2191 meiius
505 2124 569 2192 duo
593 2125 775 2193 defendunt
797 2129 981 2194 retinacula
1000 2135 1124 2218 neuim,
1158 2142 1168 2152 '

299 2232 418 2297 Tutius
440 2234 475 2295 et
496 2230 649 2317 geminos
670 2232 774 2295 anxia
796 2238 902 2298 mater
922 2232 991 2300 etit.

256 2336 369 2420 „Aut,
392 2335 423 2398 si
447 2351 485 2398 es
507 2331 606 2414 duro,
630 2349 734 2420 nega:
756 2334 808 2398 sin
832 2351 871 2400 es
893 2353 958 2400 non
978 2334 1079 2419 dura,
1097 2342 1222 2412 venito.

298 2433 414 2521 „Quid
437 2437 533 2499 iuvat
554 2439 588 2498 et
612 2432 701 2499 nullo
723 2450 847 2518 ponere
868 2436 973 2502 verbo
993 2435 1120 2504 Ιοοοὶὶα

214 2553 240 2599 ⁴⁵
258 2540 324 2609 Hic
344 2536 543 2606 unusdolor
566 2541 619 2603 est
641 2553 685 2602 ex
707 2538 857 2604 omnibus
878 2555 959 2606 acer
979 2543 1114 2627 amanti,

296 2643 454 2730 Speranti
476 2642 586 2708 subito
610 2641 642 2706 si
663 2657 728 2726 qna
747 2642 865 2707 venire
887 2649 1001 2731 negat.

255 2748 389 2832 Quanta
407 2745 498 2812 iilum
519 2751 587 2811 toto
608 2750 748 2810 versant
770 2746 915 2831 suspiria
934 2746 1032 2829 lecto,
1084 2771 1086 2776 ¹

298 2851 379 2918 Cum
400 2851 519 2935 recipi,
543 2865 640 2934 quern
660 2867 724 2914 non
746 2851 895 2931 noverit,
916 2848 972 2916 ille
993 2855 1098 2936 putet,

253 2955 301 3026 Et
319 2974 434 3022 rursus
456 2971 593 3039 puerum
615 2953 803 3038 quaerendo
826 2951 941 3020 audita
961 2953 1094 3041 fatigat,

208 3073 237 3120 oo
298 3057 420 3142 Quem,
444 3072 530 3143 qnae
551 3056 639 3124 scire
660 3056 769 3139 timet,
793 3072 955 3142 quaerere
975 3055 1071 3142 plura
1090 3054 1190 3124 iubet.

276 3307 320 3358 27.
337 3299 448 3353 flumina
459 3301 500 3354 Μ.
577 3303 620 3356 29.
639 3296 802 3351 achiteoHt.
880 3301 924 3354 30.
941 3297 1004 3350 Nou
1015 3298 1052 3350 N.
1064 3302 1100 3350 11.
1122 3296 1237 3350 mossela
1249 3301 1286 3358 G.

205 3401 277 3448 terra
295 3394 333 3442 H.
356 3387 451 3450 fruges·
463 3403 507 3453 pr.
526 3402 561 3437 nc.
580 3383 651 3453 Hb„
677 3384 760 3450 frigeo
777 3384 814 3440 Ν.
892 3389 936 3442 31.
956 3373 973 3435 e
990 3385 1073 3436 omitt.
1093 3399 1189 3439 coenes.
1212 3385 1285 3439 lecto

208 3473 381 3537 consurgeret
397 3469 435 3524 N.
446 3484 471 3521 r.
541 3473 585 3520 32.
602 3469 678 3520 Vella
690 3471 728 3522 H.
746 3467 844 3520 timore
860 3463 923 3534 Ha„
943 3471 1053 3519 tenuere
1064 3467 1104 3522 Μ.
1170 3471 1214 3518 33.
1234 3485 1285 3535 po-

207 3562 296 3612 terant
314 3556 352 3609 N.
440 3555 483 3609 34.
503 3553 614 3620 peltidea
634 3554 667 3608 6.
693 3569 739 3606 ero
760 3554 793 3609 G.
875 3555 918 3608 35.
936 3558 966 3604 nt
982 3557 1019 3607 H.
1039 3553 1107 3604 cello
1124 3549 1177 3604 Hb.
1201 3553 1284 3604 mirri-

205 3645 272 3694 strat
288 3641 328 3707 V.¹
347 3636 482 3690 ministros
501 3651 545 3702 pr.
558 3652 592 3688 oc.
605 3634 660 3688 Hb.
729 3640 773 3689 38.
794 3637 835 3687 est
853 3641 985 3688 cotenon
1006 3635 1066 3688 odd.
1079 3637 1114 3689 11.
1126 3652 1164 3704 o.‚
1183 3651 1233 3688 om.
1247 3639 1282 3694 D.

203 3733 241 3781 H.
255 3727 296 3778 M.
322 3726 394 3778 sinat
414 3726 446 3778 6.
464 3724 499 3776 N.
519 3739 561 3789 cc,
589 3721 654 3774 sinit
675 3724 710 3774 D.
728 3723 769 3776 Μ.
839 3725 882 3776 40.
902 3721 951 3774 Vel
971 3723 1004 3775 6.
1074 3721 1282 3777 41.defendunt

204 3827 255 3862 om.
268 3815 306 3864 H.
330 3825 424 3861 navem
442 3810 478 3864 R.
496 3823 540 3874 ιι,
565 3806 653 3858 navim
670 3813 708 3860 H.
778 3810 821 3863 43.
839 3809 981 3859 interstitio
998 3809 1113 3860 soooec
1129 3808 1160 3859 P.
1186 3807 1209 3860 ei
1227 3823 1280 3859 non

203 3911 232 3950 es
251 3897 290 3950 Μ.
351 3896 395 3946 44.
413 3894 442 3946 in
456 3895 498 3962 P.,
517 3897 545 3944 et
563 3894 595 3945 6.
607 3894 645 3946 N.
658 3892 712 3950 Hb.
722 3895 756 3946 1).
769 3899 805 3946 H.
821 3894 851 3946 V.
863 3893 903 3945 Μ.
923 3893 1042 3960 pondere
1059 3893 1139 3945 verba
1156 3892 1228 3960 loqui
1241 3910 1279 3960 ιι,

202 3986 374 4034 correxerant
393 3995 489 4032 omrrcs.
559 3982 603 4032 46.
623 3979 761 4046 Spectanti
779 3981 812 4032 G.
831 3979 933 4046 venire]
952 3995 1050 4044 negare
1065 3984 1100 4032 H.
1160 3982 1203 4033 48.
1223 3979 1278 4032 Cur

204 4066 237 4120 6.
246 4064 283 4116 Ν.
295 4061 349 4116 Hb.
364 4080 401 4128 o.,
421 4062 472 4114 Cui
489 4081 514 4118 r.
531 4065 578 4132 HL,
598 4065 685 4119 Quom
697 4066 731 4120 D.
758 4064 848 4132 quern]
868 4080 937 4131 quae
954 4065 992 4118 N.
1004 4063 1057 4120 Hb.
1068 4080 1100 4132 ue,
1120 4079 1174 4132 qna
1185 4072 1222 4118 H.
1236 4066 1275 4134 7.,

202 4167 261 4204 curn
280 4167 305 4207 u.
326 4149 427 4202 voverit
444 4153 478 4202 1).
497 4150 544 4203 iila
563 4167 632 4206 corr.
649 4169 671 4204 s.
690 4168 725 4208 m.
742 4149 796 4205 Hb.
816 4167 859 4217 o.‚
878 4149 925 4202 ille
942 4151 976 4204 D.
995 4154 1068 4202 vetat
1084 4149 1120 4200 N.
1137 4149 1191 4206 Hb.
1204 4167 1229 4206 n.
1240 4165 1274 4217 r.‚

201 4243 282 4303 negat
300 4240 336 4288 H.
402 4238 445 4292 49.
466 4253 569 4289 rursum
588 4253 612 4292 r.
627 4255 664 4303 o.,
685 4253 778 4289 rursus
797 4238 831 4288 D.
848 4237 878 4292 V.
889 4238 927 4292 H.
989 4238 1033 4288 50.
1052 4250 1102 4288 nm.
1121 4233 1159 4285 N.
1177 4236 1274 4290 Queru-

202 4338 254 4388 qne
272 4318 342 4387 Hb„
370 4322 483 4388 Quoque
504 4321 553 4388 V.,
578 4322 666 4378 Quom
685 4337 755 4390 quae
772 4323 822 4391 D„
850 4318 972 4390 Cumque
989 4321 1029 4374 Μ.
1056 4319 1139 4389 pudet
1155 4325 1209 4388 H.,
1234 4320 1273 4371 ln·

201 4407 247 4460 bet
263 4411 300 4464 H.
323 4404 414 4475 plura]
431 4406 487 4460 fate
504 4405 558 4460 Hb.
