2834 4972
405 292 495 364 Caput
512 292 546 350 V.
579 293 622 356 De
640 289 764 348 amicitiis
776 291 924 365 Propertii.
1155 283 1207 366 23

16 535 17 542 ¹
128 473 160 530 et
187 473 283 531 artem
305 465 395 544 colit,
419 467 638 550 potentioribus
661 485 834 554 quoquere
859 467 1031 550 applicavit.
1072 469 1202 538 Primum
1289 465 1291 475 '

127 572 148 616 a
175 552 294 616 Tullo
323 555 355 615 in
383 555 543 618 amicitiam
576 565 713 638 receptus
741 564 802 632 est,
836 556 962 619 eximiae
987 557 1053 640 spei
1084 559 1201 636 iurene,

15 639 16 642 ’
128 640 215 702 cuius
231 648 355 720 patruus
371 641 475 722 primis
492 632 677 723 reipublicae
692 641 860 706 muneribus
876 641 993 706 iunctos
1009 649 1084 706 erat.
1128 643 1202 708 Tul·

15 727 16 798 ]
126 725 228 788 lorum
246 734 344 788 autem
364 743 529 807 cognomen
550 727 711 809 antiquitus
733 727 816 808 genti
837 726 933 790 Iuliae
952 730 1105 811 proprium
1127 739 1202 810 erat,

124 813 213 874 cuins
234 811 332 890 gentis
353 815 404 894 qui
425 815 514 894 primi
535 824 800 878 commemorantur
822 813 895 890 viri,
927 813 1046 878 Gaius
1076 824 1106 880 ct
1126 816 1200 882 Vo-

124 898 278 979 piscus,
304 897 336 960 ni
362 899 422 980 ipsi
449 899 532 964 Tulli
558 899 692 964 audiunt.
742 900 887 978 Quoniam
912 917 983 964 vero
1008 918 1104 982 neque
1125 903 1201 967 baec

125 984 265 1060 familia,
289 985 401 1048 nobilis
422 986 493 1049 clim
515 993 545 1051 et
565 985 663 1048 multis
684 985 861 1067 imaginibus
885 987 1011 1067 iusignls
1031 987 1113 1050 ultra
1133 1007 1203 1054 sae-

127 1070 230 1133 culum
260 1079 372 1139 sextum
401 1071 489 1136 Urbis
517 1072 661 1154 pertinuit
688 1072 741 1150 (cl.
767 1071 943 1154 Glandcrpii
968 1074 1148 1138 Onomastic.
1169 1094 1201 1157 p.

124 1159 207 1220 417.
224 1159 323 1237 squ),
349 1175 404 1222 nec
428 1155 467 1222 de
484 1159 530 1223 Μ.
551 1165 603 1222 aut
622 1159 677 1224 Μ’.
698 1157 842 1223 Manlii
863 1156 968 1221 Tulli
995 1158 1113 1224 nomine
1140 1161 1203 1227 sol·

125 1251 188 1304 tem
212 1250 343 1318 cunstat,
364 1261 451 1325 quem
473 1261 551 1308 anno
570 1253 640 1326 post
661 1253 782 1307 exactos
803 1261 892 1323 reges
915 1242 1030 1308 decimo
1050 1246 1204 1312 consulem

126 1327 225 1390 luisse
244 1327 406 1394 dissidente
424 1329 512 1395 codd.
527 1348 595 1393 mss.
614 1328 674 1394 tide
694 1339 724 1393 et
738 1329 891 1393 Ciceronis
912 1332 1090 1395 auctoritate
1103 1333 1201 1412 (Brut.

124 1417 236 1492 alti.)
257 1414 360 1478 Liuius
380 1425 485 1480 narrat
506 1417 558 1493 (ΙΙ,
581 1419 664 1493 leb:
687 1414 727 1479 ad
747 1415 949 1482 Volcatios
971 1417 1201 1499 confugiendum

127 1508 194 1576 est,
215 1518 341 1581 quorum
363 1501 401 1566 da
423 1511 513 1584 gente
533 1502 623 1585 primi
644 1501 680 1565 L.
702 1502 877 1566 Vulcatii
898 1503 1008 1566 Tulli
1030 1506 1140 1567 mentio
1161 1505 1204 1582 tit,
1226 1537 1228 1543 a

127 1587 181 1668 qui
204 1605 283 1652 anno
308 1588 345 1650 U.
367 1591 442 1653 688.
464 1605 528 1652 cum
548 1591 603 1654 Μ’.
624 1589 751 1652 Aemilio
773 1587 889 1670 Lepido
920 1589 1023 1651 consul
1051 1589 1109 1654 luit
1129 1591 1203 1670 (Dio

125 1672 379 1751 cass.xxxv1,
401 1674 452 1739 25.
481 1675 544 1739 Gic.
565 1673 631 1739 (iat.
654 1673 684 1751 1,
704 1679 735 1739 6.
758 1672 797 1736 ad
817 1677 876 1739 Arc
896 1673 975 1749 VIII,
999 1674 1203 1758 16111111-

125 1759 174 1824 ris
197 1767 288 1822 antea
305 1760 337 1822 iu
357 1757 487 1842 petenda
508 1759 663 1824 aedilitate
683 1761 874 1825 offensionem
896 1761 1062 1843 accepisset
1079 1761 1203 1840 (Cicero

127 1861 187 1926 pro
212 1844 348 1910 Plancio.
373 1845 452 1930 21).
494 1847 589 1910 liuius
611 1844 695 1912 Tulli
720 1847 799 1910 tilius
819 1848 856 1910 L.
877 1845 1082 1910 Volcatius
1109 1847 1204 1911 Tul·

127 1932 194 1994 lus
216 1931 335 1997 ridetur
359 1931 454 1996 fuisse
476 1932 605 2011 (Lucii
626 1934 703 1997 anim
726 1933 804 1996 tilius
826 1932 936 1996 dicitur
957 1933 988 1994 iu
1008 1931 1095 1996 iustis
1115 1933 1203 1998 Cam·

126 2017 234 2100 panis,
265 2035 340 2100 pnes
368 2017 515 2098 aPighio
547 2018 714 2101 descriptos
744 2020 888 2085 Gruterus
917 2018 1037 2082 exhibet
1065 2015 1098 2083 G.
1124 2020 1148 2084 Ι.
1172 2039 1203 2102 p.

15 2165 16 2168 ,
127 2101 267 2184 cmc),
288 2105 341 2186 qni
360 2122 425 2168 cum
449 2103 582 2169 Caesare
604 2106 767 2170 Octauiano
793 2106 901 2168 iterum
923 2103 1027 2168 consul
1053 2104 1110 2168 tuit
1130 2105 1203 2180 (Dio

126 2188 215 2252 Cass.
238 2191 353 2267 XLIX,
373 2191 440 2272 43.)
461 2191 621 2256 annotini
641 2190 734 2254 fertili
756 2191 843 2268 (lior.
865 2190 920 2254 Od.
942 2191 995 2266 lv,
1016 2192 1054 2266 8,
1076 2191 1141 2267 12.)
1164 2191 1203 2254 ab

128 2277 164 2338 U.
188 2293 215 2340 c.
234 2281 308 2340 721.
351 2277 436 2341 liunc
457 2286 555 2341 autem
575 2278 612 2343 Ι..
631 2277 797 2343 Volcatium
815 2276 937 2341 Tullum
957 2276 995 2340 L.
1012 2275 1047 2340 1².
1067 2285 1205 2359 patruum

127 2363 226 2426 nostri
248 2363 332 2426 Tulli
361 2362 470 2441 luisse,
497 2362 583 2426 facili
611 2364 782 2427 coniectura
811 2364 1006 2444 assequimur.
1056 2365 1141 2445 Quae
1163 2363 1203 2427 ab

126 2450 210 2512 omni
233 2447 418 2515 dubitatione
439 2459 554 2514 remota
575 2449 649 2527 erit,
669 2451 697 2513 si
718 2449 767 2513 El.
787 2449 818 2526 Ι,
839 2453 870 2525 6,
893 2454 945 2515 19.

336 2561 376 2611 Tra
392 2561 485 2628 patrol
500 2558 609 2614 meatus
628 2575 726 2613 conare
742 2561 843 2613 coteler
860 2574 966 2613 semmae

128 2653 168 2719 de
188 2656 302 2731 amicis,
325 2657 375 2737 qni
397 2657 507 2738 stipato
530 2657 648 2736 agmine
668 2657 860 2736 magistratus
882 2665 913 2720 et
932 2664 1077 2738 patronos
1099 2653 1205 2718 autin
1270 2714 1273 2719 .

127 2743 228 2804 iorum
252 2740 401 2806 deducere
423 2751 475 2806 aut
496 2759 626 2824 peregre
653 2743 798 2824 proiectis
827 2743 906 2808 latus
931 2752 1034 2823 tegere
1057 2749 1087 2804 et
1113 2758 1204 2823 prae·
1261 2801 1264 2810 ,

129 2827 240 2892 cedere
271 2829 423 2904 solebant,
460 2846 573 2894 mecum
606 2827 811 2910 intelligas*).
861 2828 956 2908 Quam
986 2827 1081 2891 solam
1103 2843 1205 2890 raram

197 2993 229 3058 *l
248 2991 302 3044 Alii
319 2992 390 3045 enim
408 2992 490 3045 alium
507 2995 638 3059 quaeruut
655 2991 763 3060 docem,
781 2989 825 3044 cni
840 2991 949 3042 Tullum
966 2988 1088 3042 comitam
1107 2986 1204 3040 odiun-

129 3067 204 3128 gaut.
239 3062 278 3114 Et
290 3061 453 3114 Barthius
469 3061 576 3128 quidem
596 3061 664 3121 (Vit.
679 3061 761 3128 Prop.
779 3061 813 3112 ad
831 3075 857 3112 a.
875 3063 937 3116 721.
953 3075 979 3127 p.
995 3057 1128 3118 LXXVI.)
1149 3071 1204 3108 nou

128 3126 231 3199 inepte,
248 3129 301 3182 uisi
317 3135 407 3182 cetera
424 3130 576 3196 obstarent,
592 3129 792 3196 Messalam,
810 3129 856 3198 qui
874 3129 907 3180 ad
924 3125 1095 3193 gladiatorias
1113 3124 1204 3176 turbas

131 3199 329 3268 componendas
357 3214 417 3252 cnm
444 3197 574 3264 singulari
597 3199 711 3268 imperio
735 3215 762 3252 a.
786 3197 899 3255 11721.
923 3199 952 3250 in
976 3196 1066 3250 Asiam
1092 3193 1204 3245 abierat.

131 3269 157 3322 N
163 3267 259 3322 obbii
276 3272 376 3336 autem,
394 3267 440 3336 qni
458 3267 588 3335 (specim.
607 3269 686 3324 Obss.
702 3266 731 3319 in
746 3268 827 3334 Prop.
846 3282 952 3318 carnum.
970 3265 1045 3333 Lips.
1063 3264 1149 3323 1817.)
1169 3261 1204 3312 ds

128 3353 201 3390 anno
218 3339 279 3390 725.
298 3336 422 3416 cogitat,
437 3334 570 3401 insignem
590 3335 644 3417 hoc
661 3335 692 3417 in
714 3336 773 3390 loco
791 3333 980 3416 negligentiam
997 3332 1062 3386 satis
1079 3327 1206 3412 admirari

130 3405 732 3538 tls·stelle...bttllti‘bll‘tttlc
747 3403 1205 3546 btfibt⁶ttdtd²ll‚¹tltt¹t

129 3541 215 3596 falsus
241 3547 284 3595 est
307 3558 411 3607 errore,
438 3539 553 3608 primum
575 3542 645 3610 quod
674 3540 807 3594 communi
837 3556 934 3606 graeco
956 3539 1067 3593 Μυσῶν
1094 3549 1203 3588 nomme

131 3613 256 3664 seductus
284 3607 333 3677 (cf.
356 3611 444 3664 Strab.
464 3610 531 3676 VII,
556 3626 579 3662 c.
600 3617 626 3662 3.
653 3609 680 3678 p.
701 3610 761 3662 295.
784 3603 921 3678 ᾤκουνδ·
947 3605 990 3676 ἐφ’
1014 3602 1128 3674 ἑκάτερα
1152 3599 1202 3654 τοῦ

122 3673 232 3751 Ἴστρου
250 3707 286 3717 -
310 3679 358 3730 καὶ
377 3681 404 3730 oi
421 3679 559 3746 Monoi,
588 3680 694 3750 Θρᾷκες
718 3671 794 3736 ’ὄντες
816 3679 863 3730 καὶ
888 3675 984 3744 αὐτοὶ,
1009 3675 1057 3726 eorl
1081 3689 1128 3728 ovs
1149 3671 1203 3724 νῦν

130 3753 169 3800 Μ
175 3745 299 3804 comode
317 3745 462 3813 καλοῦσιν)
489 3747 619 3814 Mysiam,
642 3746 722 3799 Asiae
740 3747 893 3810 regionam,
915 3761 975 3798 cunr
991 3741 1096 3796 Moesia
1114 3737 1203 3792 Thra-

130 3815 189 3868 ciae
212 3815 328 3868 finitima
352 3815 431 3868 foede
453 3815 590 3884 confudit,
616 3815 713 3868 deindo
735 3830 785 3884 pro
810 3813 907 3866 Crasso
933 3813 980 3866 illo
1003 3813 1203 3889 Bastarnarum,

130 3883 289 3952 Thracum,
302 3883 451 3950 Getarum,
467 3883 585 3952 ipsorum
604 3885 759 3936 Moesorum
777 3881 877 3935 victore
894 3882 1059 3948 Augustum,
1078 3894 1124 3946 qun
1146 3882 1204 3928 tum

130 3953 233 4005 Romae
255 3953 332 4005 ludos
351 3953 431 4004 edens
449 3966 542 4004 secure
558 3954 672 4016 degebat
689 3950 754 4020 (Dio
771 3951 824 4018 Ll,
842 3949 910 4022 22),
923 3949 1095 4004 substitutum
1112 3949 1205 4026 contra

131 4021 254 4074 ltrtacios
270 4019 400 4072 militasse
419 4019 471 4088 ait,
492 4021 619 4077 ementito
640 4025 687 4073 aut
698 4025 778 4072 'corte
793 4019 953 4087 interpolato
968 4017 1066 4071 Dionis
1083 4019 1205 4089 testrmoj

131 4089 187 4146 nio.
222 4089 267 4144 Gi.
283 4090 317 4140 de
334 4095 391 4142 toto
408 4087 459 4142 boc
475 4091 535 4142 loco
550 4090 631 4146 Dion.
644 4089 720 4142 Cass.
733 4091 781 4156 Li,
798 4093 921 4144 23-27.
936 4103 992 4155 quo
1007 4091 1125 4141 extremo
1142 4079 1204 4132 lrbrt

133 4159 236 4224 capite,
261 4157 373 4224 eodem,
400 4159 472 4209 unde
487 4157 609 4210 Ncbbius
625 4173 702 4210 suurn
720 4155 803 4210 traxit
825 4161 1025 4222 argumentum,
1050 4153 1205 4204 Moesorum

133 4225 200 4278 lines
216 4225 414 4278 accuratissime
431 4225 630 4293 describuntur,
647 4231 759 4292 atquae
776 4226 810 4277 de
826 4223 877 4293 boc
893 4227 952 4278 loco
969 4223 997 4276 in
1014 4232 1126 4274 censura
1143 4209 1206 4266 libri

136 4293 285 4364 Gruppiani
302 4295 454 4363 scripsimus
472 4295 577 4352 Annali.
591 4295 665 4348 Hall·
683 4299 760 4350 1839.
777 4293 813 4350 N.
829 4300 888 4350 139.
906 4297 1028 4372 [111039.
1045 4303 1086 4356 aq.
