2848 4972
244 352 290 422 ,94
570 341 786 414 baernam
805 341 948 426 1111,
970 341 1001 412 6.

333 513 431 586 Haec
451 513 621 600 referens,
643 531 732 604 qnae
752 531 806 584 mc
825 511 964 582 credere
984 511 1072 582 velle
1093 512 1217 604 purast

259 619 408 690 oomnis
430 622 517 688 enim
537 617 637 686 debet
659 621 734 686 sine
755 637 844 687 vano
865 620 999 686 nuntius
1022 638 1114 706 esse,

330 725 557 811 Maioremque
576 726 698 790 timens
720 742 842 790 servus
864 721 990 790 habere
1009 721 1118 790 fidem.

288 830 386 897 Nunc
406 827 503 913 mibi,
525 830 555 896 si
578 845 644 914 qua
664 834 781 912 tenes,
802 829 844 896 ab
865 828 994 917 origine
1016 825 1129 895 dicere
1147 827 1253 914 prima
1364 888 1365 904 ,

330 929 459 1017 Incipe:
481 933 661 1017 suspensis
684 932 823 999 auribus
843 932 911 998 ista
931 931 1050 998 bibam.

288 1033 423 1104 Siccine
445 1052 520 1102 eam
539 1037 714 1120 incomptis
734 1033 850 1103 vidisti
873 1036 954 1102 llere
976 1029 1129 1121 capillis?

244 1151 271 1196 ι·
333 1137 424 1204 lilius
445 1157 490 1204 ex
509 1138 613 1204 oculis
635 1139 737 1205 multa
758 1137 901 1208 cadebat
922 1135 1034 1226 aquai

286 1242 361 1310 Nee
382 1241 551 1328 speculum
574 1248 679 1310 strato
700 1241 835 1328 vidisti,
856 1241 1050 1332 Lygdum,
1071 1235 1185 1310 lecto?

330 1343 481 1414 (lrnabat
502 1347 622 1412 niveas
644 1345 779 1412 nullane
800 1363 932 1436 gemma
953 1339 1097 1411 manusb

286 1447 341 1518 Ae
361 1455 524 1515 maestam
545 1450 672 1516 terreris
692 1456 823 1516 vestem
842 1447 988 1535 pendere
1010 1447 1159 1532 lacertis,

329 1549 528 1637 Scriniaque
549 1551 593 1618 ad
615 1552 693 1619 lecti
715 1553 832 1619 clausa
853 1555 966 1619 iacere
985 1547 1117 1638 pedes?

244 1669 271 1715 u
286 1654 409 1722 'l'ristis
433 1661 506 1722 erat
527 1653 661 1739 domus,
683 1661 718 1722 et
740 1657 856 1722 tristes
878 1674 943 1721 sua
963 1673 1071 1742 pensa
1090 1655 1260 1722 ministrae

328 1755 536 1846 Carpebant,
557 1756 665 1824 medio
685 1759 787 1825 nebat
808 1764 842 1824 et
863 1761 940 1844 ipsa
960 1758 1044 1841 loco,

285 1860 496 1948 Humidaque
513 1863 681 1948 impressa
702 1862 851 1930 siccabat
872 1862 993 1929 lumina
1013 1861 1101 1945 lona,

328 1965 470 2034 Rettulit
489 1971 525 2032 et
546 1965 682 2052 querulo
702 1967 814 2053 iurgia
831 1973 947 2034 nostra
966 1960 1072 2032 sono?

665 2141 900 2190 HGDAMUS.

283 2239 381 2308 Haeo
401 2245 436 2310 te
458 2245 548 2310 teste
569 2239 647 2309 mibi
669 2245 837 2330 promissa
857 2249 930 2328 est,
951 2238 1146 2332 Lygdame,
1164 2232 1306 2310 mercesl

239 2358 267 2405 1
328 2343 396 2412 Est
419 2363 549 2433 poenae
570 2363 671 2413 servo
690 2363 844 2434 rumpere
865 2352 955 2413 teste
976 2345 1085 2412 iidem.

284 2448 346 2518 llle
367 2457 480 2536 potest
499 2450 587 2517 nullo
610 2452 765 2517 miseram
785 2467 839 2517 me
860 2450 1010 2537 linquere
1029 2449 1132 2533 sacto,

219 2555 222 2564 '
328 2551 513 2638 Aequalem
533 2551 625 2618 nulla
645 2549 758 2619 dicere
779 2550 904 2619 habere
924 2549 1030 2617 domo.

285 2651 420 2722 Gaudet
440 2672 493 2722 me
512 2673 622 2723 vacuo
642 2656 748 2723 solam
769 2656 947 2723 tabescere
965 2654 1063 2720 lecto.

327 2758 368 2829 Si
388 2760 516 2848 placet,
537 2759 691 2844 insultet,
711 2758 903 2850 Lygdame,
922 2765 1027 2825 morte
1045 2771 1131 2822 mea.

187 2945 192 2958 .
241 2883 268 2930 rs
283 2866 360 2934 Non
379 2881 432 2931 me
451 2865 597 2932 moribus
617 2864 692 2949 illa,
714 2863 778 2930 secl
800 2863 914 2932 herbis
935 2861 1082 2948 improba
1098 2857 1198 2926 vicit:

326 2968 500 3039 Staminea
520 2968 645 3037 rhombi
666 2967 797 3036 ducitur
818 2969 874 3036 ille
894 2974 984 3034 rota:

283 3072 378 3142 Illum
396 3072 562 3161 turgentis
583 3088 687 3139 ranae
704 3077 858 3158 portenta
877 3069 1017 3136 rubetae
1086 3077 1089 3082 ·

324 3173 372 3246 Et
392 3175 481 3244 lecta
501 3178 631 3244 exectis
653 3175 820 3266 anguibus
840 3190 922 3242 ossa
942 3168 1087 3253 trabunt,

301 3417 330 3471 1.
347 3415 405 3469 Neo
420 3431 444 3470 a.
461 3431 497 3473 m.
515 3417 549 3471 1).
619 3418 648 3471 5.
665 3415 725 3470 alne
741 3415 817 3470 vania
837 3431 897 3468 asae
914 3413 1015 3466 relator
1030 3425 1056 3464 r.
1133 3407 1162 3462 6.
1182 3421 1257 3460 amna
1272 3399 1306 3456 N·

235 3504 264 3556 1.
281 3501 344 3554 Non
361 3497 400 3552 N.
487 3505 513 3553 9.
540 3500 617 3553 Siout
639 3503 676 3556 11.
695 3499 749 3558 111.
765 3503 799 3554 11.
820 3500 851 3553 V.
868 3500 924 3566 Μ.,
949 3497 980 3550 si
997 3494 1050 3562 Ν.,
1073 3489 1119 3544 Sic
1137 3493 1171 3549 θ.
1197 3495 1230 3544 εἰ
1247 3490 1275 3556 (i.
1287 3501 1305 3538 e·

235 3584 308 3652 emm)
324 3583 362 3639 N.
380 3584 409 3638 in
427 3584 540 3654 comptis
558 3585 611 3638 lib.
683 3593 725 3640 11.
744 3585 883 3652 lygarlanre
894 3583 933 3641 N.
1002 3585 1044 3634 12.
1063 3579 1171 3632 nullave
1187 3580 1307 3641 alta,

237 3672 346 3723 nullane
364 3673 399 3726 11.
503 3676 545 3725 13.
572 3675 608 3726 at
627 3674 661 3729 G.
681 3675 775 3741 Pera,
804 3671 845 3724 bd
862 3672 903 3723 M.
931 3672 1061 3721 moestam
1078 3663 1131 3720 111.
1158 3669 1257 3718 vastam
1274 3659 1307 3712 N.

236 3756 279 3808 rb.
297 3755 461 3825 Sorineaqne
477 3757 528 3824 M„
550 3773 604 3825 qua
622 3775 673 3812 cm.
686 3758 740 3813 Hb.
794 3759 836 3810 15.
855 3755 954 3809 trister·
967 3754 1009 3820 Ρ,
1028 3751 1154 3804 tristior.
1208 3754 1250 3802 17.
1262 3747 1306 3797 im*

234 3851 329 3906 praaea
346 3839 389 3893 Μ.
474 3842 516 3896 18.
534 3853 628 3910 sepino
647 3839 699 3894 ab.
787 3845 830 3895 19.
848 3839 922 3892 Naee
938 3853 976 3905 1.,
993 3835 1051 3889 Nee
1069 3835 1103 3885 D.
1123 3849 1167 3884 me
1183 3833 1225 3883 Μ.
1246 3830 1307 3893 liga·

237 3923 315 3976 alanne
333 3923 372 3979 Ν.
439 3928 482 3980 20.
501 3943 587 3993 penae
604 3926 642 3981 N.
648 3965 659 3995 ,
678 3941 748 3996 pene
765 3925 818 3982 lib.
833 3928 867 3980 11.
936 3928 980 3976 21.
998 3921 1050 3974 Illa
1068 3911 1307 3974 1111111111

235 4008 362 4062 miserum
380 4023 406 4066 r.
424 4012 461 4064 11.
478 4011 518 4065 Μ.
540 4013 571 4067 V.
652 4018 696 4070 22.
716 4015 790 4066 nullo
809 4011 847 4064 N.
929 4015 973 4066 2³.
990 4009 1077 4060 solum
1094 4020 1120 4060 r.
1199 4006 1241 4054 25.
1259 4001 1307 4051 11-

206 4091 213 4097 ’
235 4095 321 4163 proba
344 4111 397 4147 non
420 4095 484 4148 vicit
505 4098 687 4152 membribus
712 4098 824 4152 illasctl
845 4095 943 4152 herbis.
978 4095 1047 4145 Mas.
1063 4097 1152 4142 tamen
1169 4101 1255 4138 omum
1270 4094 1307 4172 oe:

235 4194 295 4232 nrm
309 4180 425 4233 ordinem
438 4189 554 4235 servunt.
572 4182 619 4236 ille
630 4184 747 4238 moribus
760 4200 784 4236 a.
796 4200 831 4240 m.
840 4181 904 4251 Hb,
921 4177 1075 4232 muneribus
1089 4175 1123 4228 G.
1168 4176 1212 4224 26.
1228 4165 1307 4220 bombl

235 4264 274 4318 N.
287 4265 338 4334 1.,
356 4265 443 4335 rumpi
461 4282 487 4321 r.
556 4271 600 4322 28.
618 4272 689 4322 laeta
710 4271 742 4327 V.
761 4268 890 4323 exsectis
907 4283 934 4320 c.
951 4281 993 4335 a,
1010 4277 1046 4317 cx
1062 4259 1131 4315 actia
1146 4260 1202 4328 11.,
1221 4269 1254 4309 ex
1268 4265 1305 4304 ⁸³·

126 4395 129 4412 ,
236 4346 271 4401 tia
288 4348 345 4416 Μ.,
367 4364 402 4402 ex
418 4349 483 4403 eatis
504 4349 554 4420 7.,
572 4351 687 4407 exsectis
703 4354 739 4408 1).
