2848 4972
440 411 654 482 Paneheou
674 412 738 482 ΕΙ..
759 413 807 495 11,
818 411 883 484 54.

170 585 288 673 Qualis
310 587 346 651 et
364 581 506 653 Adrasti
525 583 628 654 tuerit
647 580 778 650 vooolis
800 581 905 648 Arion

212 688 335 756 Tristis
358 686 403 753 ad
425 684 619 754 Archemori
640 685 758 752 lunera
778 686 886 752 vietor
907 699 1031 771 equum

167 791 416 877 Amphiaraeae
436 789 526 857 haud
547 794 685 876 prosunt
706 788 778 856 iata
800 786 996 876 quadrigae,

123 909 153 954 st
213 897 281 964 Aut
304 893 451 980 Capanei
473 911 595 983 magno
616 897 716 980 grata
735 893 830 958 ruiua
850 890 934 959 lovi.

168 998 298 1065 Desine
319 1005 354 1064 et
373 994 564 1082 Aeschyleo
587 1011 781 1081 componere
802 993 909 1062 verbo
930 991 1100 1081 cothurno,

208 1103 354 1184 Desine,
376 1107 412 1170 et
431 1100 475 1167 ad
497 1101 613 1168 molles
633 1101 781 1166 membra
800 1098 936 1166 resolve
958 1099 1092 1171 choros!

164 1203 278 1292 Incipe
297 1207 363 1272 iam
384 1211 529 1295 augusto
550 1223 674 1272 versus
695 1202 867 1271 includere
888 1208 994 1289 toruo,

208 1306 315 1396 Inque
335 1314 411 1375 tuos
434 1312 554 1397 ignes,
576 1306 659 1374 dure
680 1312 799 1394 pocta,
819 1308 910 1374 veui.
1005 1336 1008 1344 =

120 1426 149 1472 ⁴⁵
167 1414 219 1482 Tu
240 1433 306 1480 uon
328 1412 543 1496 Antimacho,
565 1431 631 1478 nou
651 1413 752 1478 tutior
771 1411 838 1478 ibis
859 1411 1022 1481 Homero:

208 1517 363 1604 Despicit
386 1523 419 1584 et
440 1533 580 1607 magnos
601 1520 695 1582 recta
717 1514 827 1602 puella
848 1515 943 1582 deos.

165 1617 238 1688 Sed
259 1625 422 1685 uouaute
443 1619 543 1707 gravi
566 1623 681 1684 taurus
705 1617 886 1684 succumbit
906 1623 1031 1704 aratro,

208 1720 340 1788 Cornua
361 1739 458 1808 quam
476 1719 599 1788 validis
621 1719 771 1787 haeserit
791 1722 826 1786 in
847 1720 990 1808 laqueis,

166 1827 240 1892 Nec
262 1830 297 1891 to
319 1832 385 1891 tam
410 1823 511 1891 duros
534 1843 595 1911 per
619 1831 654 1892 te
677 1826 815 1910 patieris
837 1821 985 1892 sonores:

118 1941 149 1987 ⁵⁰
208 1931 300 1996 Trux
322 1933 432 1995 tamen
454 1946 476 1994 a
496 1930 592 1996 uobis
615 1934 694 1994 aute
715 1926 898 1994 domandus
923 1929 1002 1996 eris.

163 2030 290 2099 Harum
312 2031 402 2097 nulla
424 2030 510 2097 solet
531 2032 691 2098 rationem
714 2046 875 2117 quaerere
896 2031 1018 2117 muudi,

203 2136 277 2201 Neo
299 2153 359 2201 cur
378 2135 537 2201 fraternis
558 2135 654 2201 Luna
676 2133 804 2201 laboret
824 2136 931 2221 equis,

161 2239 235 2304 Neo
256 2237 287 2302 si
310 2243 385 2323 post
406 2237 550 2326 Stygias
573 2237 695 2323 aliquis
717 2236 816 2304 sedet
837 2238 962 2305 arbiter
985 2240 1106 2328 undas,
1148 2279 1155 2288 =

99 2355 115 2366 “
204 2340 278 2405 Neo
299 2339 330 2404 si
352 2340 500 2405 consulto
523 2339 657 2404 fulmina
679 2341 787 2404 missa
807 2345 931 2407 tonent.

122 2451 149 2498 ὃ
166 2440 294 2526 Aspice
314 2459 384 2521 me,
405 2443 460 2509 cui
481 2457 588 2528 parva
610 2439 696 2507 domi
717 2441 848 2508 tortura
868 2443 986 2510 relicta
1007 2452 1094 2530 est„

204 2544 325 2611 Nullus
348 2550 382 2610 et
404 2545 539 2628 antiquo
557 2543 669 2609 Marte
690 2540 872 2629 triumphus
893 2547 962 2628 avi,

163 2645 210 2714 Ut
229 2663 367 2733 regnem
387 2648 512 2712 mixtas
532 2648 620 2712 inter
641 2649 784 2712 conviva
806 2646 934 2733 puellas
1067 2638 1068 2642 ’

204 2746 279 2812 Hoc
301 2761 383 2834 ego,
406 2765 471 2832 quo
490 2748 550 2815 tibi
569 2765 657 2813 nuno
678 2746 809 2830 elevor,
831 2747 976 2835 ingenio.

60 2849 69 2858 '
160 2847 219 2918 Me
236 2851 330 2916 iuvet
350 2846 518 2916 hesternis
540 2851 684 2937 positum
705 2850 867 2940 languere
887 2849 1030 2936 corollis,

193 3116 238 3167 ³7.
256 3111 403 3167 lueratM.
433 3113 510 3167 orion
530 3117 563 3172 G.
581 3115 619 3169 N.
639 3117 677 3168 H.
696 3115 737 3171 M.
756 3113 812 3168 Hb.
890 3116 934 3170 58.
952 3113 999 3183 ad]
1016 3119 1044 3168 et
1063 3117 1096 3172 θ.
1112 3131 1138 3172 r.
1155 3123 1194 3175 Η.

117 3199 214 3254 lunera
233 3201 265 3250 G.
285 3215 367 3268 equos
385 3201 424 3253 N.
437 3203 489 3268 M„
508 3199 583 3269 equis
601 3217 638 3268 r.‚
656 3217 707 3254 orn.
725 3207 763 3255 H.
830 3204 879 3254 ³9.
894 3201 955 3253 Nou
972 3200 1142 3269 amphiareas
1162 3207 1194 3265 G.

117 3289 154 3343 lt.
167 3304 213 3354 u.‚
231 3285 292 3337 Nou
313 3284 484 3354 amphiaraus
501 3289 551 3354 D.‚
575 3287 639 3340 Non
657 3285 794 3353 amphiare
811 3302 854 3353 pr.
869 3302 919 3352 aa,
945 3285 1006 3338 Nou
1024 3286 1195 3354 amphiaraus

115 3389 141 3426 s.
159 3389 194 3427 m.
212 3369 282 3439 Hb,
299 3371 360 3423 Non
379 3371 562 3440 amphiarsrae
579 3388 623 3441 ps.
634 3387 670 3424 so.
686 3372 739 3440 N.,
757 3369 927 3438 amphiareas
943 3387 967 3447 ρ.
986 3387 1021 3424 us.
1038 3373 1093 3442 N.,
1113 3373 1194 3430 Haud

115 3457 304 3528 amphiaraeae
321 3459 396 3510 Poro.
414 3460 518 3526 prosint
533 3460 571 3515 N.
584 3457 638 3512 Hb.
655 3459 702 3526 7.,
721 3461 833 3526 possunt
849 3457 889 3507 Μ.
908 3456 979 3508 lacta
995 3473 1021 3510 s.
1074 3459 1119 3512 Ab.
1136 3477 1196 3514 ma·

114 3559 169 3610 guo
187 3560 237 3598 om.
255 3543 288 3598 G.
300 3544 334 3598 li.
345 3542 400 3598 Hb.
412 3560 451 3611 ru,
473 3545 573 3596 addunt
589 3545 625 3599 D.
638 3544 669 3597 7.
681 3545 721 3600 M.
789 3545 833 3600 Al.
851 3540 970 3596 seohileo
987 3543 1024 3596 N.
1036 3559 1079 3610 pr.
1091 3561 1125 3602 su.
1138 3545 1194 3605 Hb.

113 3635 159 3688 42.
183 3627 274 3680 thoros
295 3629 344 3696 6.,
374 3634 446 3680 toros
464 3631 504 3685 Μ.
520 3632 555 3685 lt.
574 3647 616 3697 u.‚
643 3629 739 3683 choros
756 3629 790 3686 D.
806 3635 844 3683 H.
867 3629 898 3681 V.
984 3631 1027 3685 to.
1052 3629 1104 3682 iam
1130 3647 1195 3685 coa·

114 3718 195 3779 gusto
212 3709 265 3766 Hb.
285 3726 444 3780 componere
456 3713 490 3765 D.
509 3717 584 3766 torvo
595 3711 650 3768 Hb.
702 3716 746 3766 Al.
765 3711 910 3777 ingruere.
961 3714 1094 3766 Adtento
1110 3716 1193 3774 mi.

115 3801 160 3852 47.
181 3795 270 3864 grauis
288 3813 385 3852 omues.
472 3801 516 3851 49.
535 3797 588 3850 iam
606 3799 644 3852 N.
670 3813 718 3865 per
736 3797 775 3868 te]
797 3804 871 3865 parta
887 3815 915 3852 r.
1001 3799 1045 3854 50.
1064 3799 1139 3854 vobis
1156 3803 1193 3857 D.

113 3885 168 3937 erit
188 3885 219 3935 D.
304 3885 347 3934 51.
366 3881 467 3937 mundi.
550 3886 593 3935 52.
619 3883 676 3952 our]
694 3899 776 3952 quare
798 3887 828 3938 V.
911 3886 954 3940 53.
975 3883 1076 3952 aliquid
1095 3901 1194 3943 omnes.

113 3965 257 4023 restaverit
274 3969 358 4020 undas
380 3971 412 4021 G.
431 3972 466 4022 rt.
487 3970 538 4038 A,
562 3969 674 4022 restabit
691 3971 724 4022 sd
743 3971 827 4023 undas
845 3971 936 4038 Pera,
963 3971 1075 4028 restabit
1091 3972 1194 4040 (eatre-

111 4057 166 4108 mis
181 4051 267 4106 verbis
284 4054 401 4120 omissis)
415 4054 464 4120 N.,
483 4055 596 4108 restabit
610 4071 749 4132 erpumuas
763 4057 826 4124 (sic)
842 4055 907 4121 Hlu,
924 4056 1036 4111 restabit
1052 4074 1193 4112 aerumnas

38 4205 39 4212 ἵ
112 4143 148 4192 D.
163 4141 204 4192 M.
255 4139 513 4194 subruuntur.
568 4142 611 4197 55.
630 4141 673 4194 oui
691 4139 979 4196 msHb.estom.H.
1032 4144 1075 4196 56.
1094 4141 1192 4197 auiM.

39 4289 40 4300 χ
111 4233 158 4282 57.
179 4225 215 4278 lit
234 4229 271 4278 H.
291 4224 411 4289 regimen
427 4242 452 4280 r.
536 4230 580 4281 58.
598 4227 669 4295 quod
685 4243 710 4284 r.
736 4241 808 4279 nunc
826 4243 878 4281 om.
893 4231 928 4278 H.
948 4228 1037 4297 slavor
1054 4225 1117 4294 (sic)
1134 4225 1191 4282 Hb.

112 4313 158 4363 59.
176 4308 250 4361 iuvat
265 4309 300 4361 D.
317 4308 433 4361 externis
451 4312 485 4365 o.
499 4311 533 4364 N.
548 4312 580 4368 Ρ.
594 4313 637 4382 D.,
655 4310 795 4385 hesterups
814 4311 878 4378 (sic)
893 4309 958 4380 Hb,
976 4311 1097 4365 aeternis
1111 4327 1137 4366 r.
1151 4327 1191 4383 o.,

40 4363 42 4398 ³
111 4393 245 4449 heroum·
263 4394 342 4451 um.
358 4397 397 4452 ιι.
418 4395 453 4449 r.
468 4395 508 4450 m.
526 4397 548 4465 f.
566 4398 600 4451 r.

938 4486 985 4550 ,.
