2806 4974
257 375 335 456 204
572 391 765 454 Quaestionum
781 391 863 448 Liber
881 395 1023 450 necandus.
1041 431 1043 437 -

256 581 314 648 per
333 564 439 650 uulgus
459 561 606 648 dissipata
625 585 694 632 mex
714 568 825 650 passim
844 567 983 651 usurpari
1004 576 1112 651 coepta
1130 566 1208 633 adeo
1227 569 1316 634 incre-

257 651 429 728 bescereut,
449 663 481 714 ut
502 654 550 715 uel
571 653 761 735 quotidianus
781 655 925 736 loquendi
946 674 1016 718 usus
1037 656 1145 719 sensim
1163 675 1183 718 a
1200 658 1318 739 pristinu

255 739 441 821 proprietate
461 737 644 804 deflecteret:
673 759 758 804 nemu
780 751 878 806 tamen
896 741 1095 806 Romanorum
1113 741 1229 805 aridius
1253 743 1317 806 inde

257 827 376 901 hausit,
397 844 483 907 quan
505 827 553 888 bic
581 837 682 891 noster
701 828 886 908 Propertius.
930 829 1004 892 Nam
1027 829 1200 909 paucissimi
1222 828 1316 891 admu-

256 912 324 976 dum
346 912 406 974 loci
427 920 508 988 snut,
530 913 579 992 qui
602 913 720 993 quidem
741 914 940 994 metaphoram
962 915 1124 991 continent,
1145 916 1216 996 quin
1233 915 1317 978 Grae·

256 1001 301 1062 cis
336 998 478 1078 exemplis
512 1009 541 1062 et
570 1001 753 1079 potissimum
781 999 1049 1062 Alexandrinorum
1081 1009 1150 1082 apte
1179 1000 1318 1064 illustrari

254 1085 379 1170 possint.
421 1085 484 1148 Nec
505 1083 593 1146 modo
612 1085 642 1147 iu
667 1085 792 1165 singulis
811 1087 910 1148 uerbis
932 1094 961 1149 et
982 1084 1183 1149 locutionibus
1203 1103 1236 1149 se
1254 1103 1318 1148 con·

254 1172 359 1247 tinuit,
391 1169 443 1232 sed
477 1171 623 1233 interdum
654 1179 735 1234 totos
762 1188 865 1234 uersus
893 1179 1015 1252 totaque
1044 1171 1173 1234 disticha
1202 1171 1315 1238 emuna

254 1257 346 1320 Gauius
367 1257 486 1335 generis
508 1257 723 1319 nobilissimum
745 1257 909 1339 exemplum
930 1258 982 1333 lll,
1005 1262 1056 1334 13,
1073 1262 1237 1334 43-46.,
1258 1260 1317 1340 qni·

254 1337 318 1407 bus‘
335 1343 450 1405 Graeca
470 1343 625 1406 Leonidae
644 1343 798 1406 Tarentini
823 1361 918 1424 paene
940 1344 980 1406 ad
1000 1344 1093 1410 uerba
1113 1345 1316 1427 interpretatus

256 1437 302 1492 est
325 1430 426 1508 (Autb.
448 1429 513 1491 Pal.
534 1431 593 1504 IX,
614 1433 687 1493 337.
710 1449 739 1512 p.
761 1430 862 1510 ala).
913 1430 973 1494 Sed
1006 1431 1080 1492 baec
1108 1440 1140 1495 ut
1172 1448 1210 1494 ex
1238 1439 1317 1511 parte

253 1514 313 1578 iam
343 1514 382 1577 ad
415 1525 589 1594 argumenta
620 1516 719 1597 patius
752 1533 838 1596 marn
867 1514 906 1578 ad
937 1516 1133 1578 elocutionem
1165 1518 1315 1598 pertinent,

179 1683 180 1687 Ἰ
252 1600 314 1678 lta,
346 1603 486 1682 quommn
511 1619 707 1683 unaquaeque
736 1603 909 1683 metaphora
941 1604 1093 1682 propriam
1119 1621 1204 1664 suam
1233 1604 1316 1666 babet

250 1686 542 1770 interpretationem,
573 1688 749 1750 coniunctim
778 1706 815 1749 ea
843 1697 971 1751 tractare
1000 1689 1109 1749 nullius
1138 1697 1219 1752 esset
1244 1706 1316 1751 cum·

251 1773 348 1849 medi,
367 1793 404 1836 ne
424 1775 631 1856 interpretatio
654 1773 838 1851 singulorum
859 1775 1017 1835 carminum
1037 1774 1151 1836 frastra
1171 1775 1204 1837 in
1225 1774 1315 1837 diuer-

251 1876 302 1921 sos
324 1859 409 1923 locos
431 1861 573 1924 distracta
594 1859 763 1922 molestiam
789 1859 896 1921 lectori
924 1859 1054 1935 iaceret,
1083 1878 1158 1922 neue
1187 1861 1315 1941 repetitis

250 1944 316 2007 siue
344 1962 437 2009 causa
456 1947 608 2029 Propertii
634 1946 771 2009 uersibus
789 1944 925 2009 uolumen
953 1946 1039 2007 baius
1066 1945 1137 2006 libri
1162 1945 1250 2010 foede
1273 1957 1315 2010 tu-

249 2041 406 2111 mesceret‚
424 2032 540 2096 Graeca
556 2034 618 2095 suis
638 2032 802 2112 quibusque
820 2031 897 2093 loeis
916 2033 1039 2094 seorsim
1058 2032 1208 2096 subiicere
1228 2034 1314 2096 satius

251 2117 396 2184 dammas.
438 2119 550 2182 Eadem
571 2127 669 2180 autem
692 2117 870 2180 Graecarum
891 2116 1059 2180 fabularum
1081 2119 1175 2194 ratio,
1199 2137 1315 2200 quarum

249 2205 386 2267 notitiam
414 2222 471 2285 per
502 2207 634 2267 carmina
663 2205 775 2284 passim
810 2201 975 2284 dispersam
1009 2203 1080 2284 quin
1108 2204 1314 2268 Alexandrinis
1384 2225 1385 2244 ι

248 2292 375 2353 maxime
410 2301 562 2372 acceptam
591 2289 975 2371 reterat,ianap.1V.
1004 2287 1134 2351 dubitari
1163 2293 1312 2355 vetuimus.
1384 2311 1385 2316 ¹

247 2371 361 2454 Eadem
383 2365 645 2455 ἇντονομασιῶν,
669 2394 791 2456 quarum
812 2377 957 2456 originem
978 2383 1008 2436 et
1027 2377 1164 2440 uirtutem
1182 2379 1312 2458 proximo

248 2464 347 2544 capite
370 2465 566 2547 exposuimus.
610 2462 695 2528 Unde
717 2481 781 2525 cum
799 2465 872 2525 satis
891 2471 1044 2543 appareat,
1066 2479 1119 2524 cnr
1136 2463 1194 2526 bac
1213 2464 1312 2543 ligura,

249 2567 308 2631 quo
336 2551 403 2631 quis
431 2551 470 2612 sit
495 2548 629 2625 doctior,
657 2566 693 2611 eo
722 2549 861 2611 libentius
889 2549 929 2611 sit
956 2565 1077 2609 usurus:
1106 2547 1312 2613 Callimachum

248 2637 376 2708 omniurn
397 2636 595 2698 doctissimum
615 2653 766 2697 nonnano
787 2634 880 2698 taedii
901 2634 975 2714 luga
1002 2633 1033 2694 in
1058 2636 1242 2698 contrarium
1262 2636 1312 2697 ob-

246 2723 398 2787 scuritatis
420 2724 523 2784 uitium
549 2721 705 2796 incidisse,
732 2738 791 2782 non
810 2721 921 2783 iniuria
941 2720 1134 2799 suspicamur.
1181 2721 1313 2798 eramris

248 2810 324 2873 eninr
347 2827 387 2871 ea
410 2809 495 2871 Ibide
521 2807 592 2882 illa,
623 2809 815 2887 interpretum
842 2824 946 2881 cruce,
976 2806 1094 2886 elegiae
1119 2805 1309 2870 nullomodo

243 2897 360 2980 possint
380 2893 561 2969 existimari,
585 2901 683 2956 tannen
703 2894 864 2974 proclivem
886 2901 966 2956 certe
988 2890 1027 2954 ad
1048 2891 1080 2953 id
1103 2909 1199 2970 genas
1222 2893 1310 2957 Galli·
1383 2913 1384 2964 ;

143 3004 145 3008 ·
243 2983 377 3046 maehum
404 2981 498 3044 tuisse
527 2981 584 3043 buc
605 2997 723 3062 quoque
753 2996 871 3043 carmen
897 2978 994 3041 decet.
1036 2979 1141 3059 Neque
1166 2997 1241 3042 uero
1269 2989 1310 3043 te·

243 3068 431 3131 nebricosum
458 3063 550 3140 illud,
580 3067 660 3146 quad
688 3067 774 3128 nimis
804 3083 895 3146 saepe
920 3064 1074 3145 Cyrenaeo
1106 3068 1310 3146 exprobratur,

242 3154 318 3217 solis
340 3153 449 3231 glossis
470 3152 670 3232 imputandum
693 3169 773 3228 esse,
798 3153 846 3215 uel
869 3169 945 3232 quae
966 3149 1056 3214 bodie
1080 3150 1221 3230 leguntur
1241 3151 1309 3214 reli·

241 3241 331 3322 quiae
352 3238 567 3312 demonstrant,
587 3238 720 3318 quamuis
740 3239 830 3302 multo
853 3238 947 3300 minus
967 3237 1040 3316 ipsis
1062 3238 1169 3318 elegiis
1191 3237 1239 3299 illi
1258 3255 1308 3318 ge·

240 3328 308 3389 ueri
337 3323 396 3388 sint
422 3323 561 3386 idoneae.
611 3322 658 3387 dt.
684 3321 794 3387 Catuli.
822 3323 900 3405 eleg.
930 3321 1104 3386 Callimacb.
1132 3342 1160 3386 u.
1185 3327 1239 3388 43.
1265 3343 1306 3404 sq.

239 3412 294 3476 52.
316 3427 360 3490 aq.
392 3411 444 3475 57.
478 3408 556 3472 Gall.
580 3412 611 3472 4.
642 3408 705 3472 lor.
733 3413 786 3474 41.
809 3413 863 3474 46.
898 3410 929 3471 lr.
954 3410 1054 3490 Apoll.
1084 3413 1135 3473 22.
1163 3423 1231 3491 sqq.
1257 3413 1305 3473 69.

240 3500 293 3562 70.
312 3499 366 3561 91.
391 3495 421 3558 ln.
439 3494 527 3556 Dian.
549 3498 622 3558 173.
644 3499 716 3559 209.
738 3514 783 3576 sq.
806 3498 879 3561 235.
900 3513 945 3574 sq.
973 3497 1003 3558 b.
1022 3494 1090 3558 Del.
1110 3499 1162 3558 20.
1182 3501 1235 3560 41.
1255 3497 1305 3559 50.

224 3585 312 3656 llil.
331 3599 376 3662 sq.
401 3582 473 3644 118.
495 3583 567 3643 161.
584 3584 657 3643 271.
680 3583 710 3643 1.
727 3581 764 3643 L.
781 3584 815 3646 P.
836 3585 888 3644 25.
906 3585 959 3644 34.
1001 3580 1084 3643 Haec
1108 3581 1201 3661 igitur
1221 3580 1307 3646 uesti-

237 3669 291 3750 gia
309 3667 383 3731 illae
399 3663 522 3729 νυκτῶν
541 3659 716 3750 φροντίδες
736 3657 893 3752 ἑσπέριαι
911 3666 1106 3746 reliquerunt,
1125 3685 1203 3748 quae
1220 3665 1304 3729 modo

211 3781 213 3790 =
236 3770 331 3836 panca
350 3753 478 3829 iruerint,
506 3752 537 3812 in
556 3752 766 3815 Alexandrinis
791 3750 954 3816 studiorum
976 3753 1095 3815 ratione
1116 3763 1197 3817 recte
1219 3771 1304 3816 excu-

238 3839 303 3902 sari
329 3840 455 3921 possint.
497 3836 601 3918 Neque
630 3839 720 3904 aliter
749 3838 780 3899 in
801 3837 977 3920 Propertio,
1003 3857 1089 3919 quem
1117 3856 1176 3902 non
1196 3840 1303 3919 ubique

237 3937 342 3988 contra
366 3924 555 3987 obscuritatis
578 3923 693 4006 culpam
715 3923 836 3987 dolendi
864 3942 954 4007 posse
982 3941 1077 4006 aeque
1099 3926 1302 3988 concesserim.

236 4012 319 4076 llaec
348 4011 386 4075 ad
415 4012 621 4073 elocutionem.
664 4011 698 4073 ln
726 4011 907 4091 argumentis
935 4026 1007 4073 uero
1041 4011 1115 4093 ipsis
1144 4013 1191 4075 rel
1220 4013 1303 4074 inne·

237 4095 354 4160 niendis
376 4097 426 4158 uel
446 4095 629 4158 adornandis
657 4115 724 4158 num
750 4098 781 4159 iu
802 4098 971 4160 uniuersum
993 4095 1089 4158 salum
1110 4115 1204 4178 genus
1225 4112 1302 4159 ana·

234 4184 342 4248 terium
369 4192 502 4257 secutus,
530 4184 720 4262 ceteroquin,
747 4191 837 4265 prout
860 4183 940 4246 ritae
969 4183 1102 4246 rabones
1133 4192 1164 4248 et
1191 4177 1301 4262 ingenii

234 4287 311 4334 uena
337 4268 513 4343 suaderent,
541 4267 717 4331 liberiorem
742 4270 820 4333 riam
847 4269 1026 4345 instituerit,
1054 4287 1093 4331 an
1122 4268 1300 4350 singularum

235 4357 325 4421 etiam
358 4356 520 4420 carminum
550 4354 702 4442 materiem
734 4356 824 4418 certis
857 4353 1000 4436 exemplis
1030 4351 1299 4425 accommodaverit,
