2806 4974
207 406 296 476 Caput
312 403 375 460 vn.
408 401 451 456 De
468 397 618 456 imitatione
637 404 776 471 poetarum
792 399 1041 458 Alexandrinorum.
1082 383 1161 468 203

85 578 227 660 quoniam
254 575 421 660 quotidiani
450 574 595 639 sermonis
622 581 731 637 natura
756 580 904 656 tamquam
932 573 1010 640 iusto
1039 576 1160 644 modulo

84 665 241 746 utriusque
267 683 350 728 usum
371 663 541 738 metiamur,
563 661 694 726 Graecos
715 677 832 742 semper
853 658 984 740 tardior,
1009 659 1161 728 Romanus

84 750 299 832 properantior
325 751 415 814 multo
439 748 586 811 rideatur.
628 745 692 808 lam
718 747 812 825 igitur
838 745 910 828 quid
936 746 1074 812 diuersae
1102 751 1162 813 lin·

85 854 213 915 guarum
247 846 371 900 naturae
400 834 527 898 dandum
560 832 669 907 luerit,
704 840 839 913 apparet.
893 833 955 896 Sed
983 833 1161 917 Propertius

84 925 143 986 lroc
166 941 286 1004 quoque
307 923 382 986 sinit
402 920 544 1002 amplius,
573 918 780 999 quodgcaucus
806 919 880 982 istos
907 919 1071 985 imitatores
1093 939 1163 985 sae·

85 1010 209 1090 pissime
236 1009 330 1088 l'ugit,
357 1010 416 1071 uon
438 1006 535 1070 omnia
557 1023 634 1087 quae
655 1004 734 1066 forte
756 1005 787 1066 iu
811 1005 953 1085 exemplis
976 1007 1038 1070 suis
1067 1006 1163 1072 admi-

85 1106 225 1169 raretur,
252 1112 306 1157 ruo
328 1095 450 1174 ingenio
473 1109 539 1156 esse
566 1099 637 1172 apta
658 1107 756 1169 neque
777 1099 859 1153 reete
884 1092 1013 1154 innatam
1034 1104 1163 1158 naturae

87 1199 164 1244 suae
185 1183 362 1260 grauitatem
385 1191 414 1244 et
432 1175 534 1242 nescio
556 1195 642 1258 quem
659 1176 760 1252 illius,
783 1175 820 1239 de
843 1195 903 1258 qua
924 1177 1060 1256 diximus,
1081 1197 1164 1243 moe·

87 1269 189 1330 stitiae
212 1265 343 1329 colorem
365 1266 508 1334 exultanti
527 1264 707 1329 Graecorum
727 1262 1043 1327 leuitateadulterari.
1086 1266 1164 1330 ilino

87 1351 279 1415 differentiae
304 1352 410 1432 origo,
439 1353 508 1414 hinc
527 1366 600 1414 vero
622 1349 711 1412 etiam
738 1346 947 1411 similitudinis.
992 1350 1164 1422 Similitudo

87 1441 168 1501 euim
198 1455 258 1500 nou
286 1436 374 1501 mode
403 1438 610 1518 superioribus
645 1435 708 1498 illis
737 1435 994 1498 obseruationibus
1029 1443 1165 1518 apparet,

86 1525 142 1586 sed
172 1524 269 1604 magis
300 1526 389 1587 etiam
417 1521 592 1586 emendandi
619 1538 692 1584 cura
718 1523 869 1595 cernitur,
897 1539 974 1602 quae
996 1537 1062 1584 oum
1089 1523 1165 1586 nihil

86 1611 198 1687 lriulci,
219 1610 293 1672 nihil
314 1610 489 1690 confragosi
515 1610 547 1671 iu
568 1608 726 1670 uerborum
747 1617 885 1670 contextu
911 1608 1075 1687 relinquat,
1098 1625 1164 1674 eon

86 1697 181 1760 elficit
203 1697 387 1760 enucleatam
408 1713 545 1762 uersuum
563 1694 736 1776 puritatem,
755 1703 787 1756 ut
806 1711 862 1775 per
882 1693 968 1758 lacre
991 1710 1112 1758 seueros
1148 1739 1160 1768 ·‚

398 1832 529 1898 Effoudnt
549 1832 674 1885 iunctura
691 1845 798 1898 unques.

87 1950 174 2013 Hauc
209 1958 306 2013 autem
333 1949 520 2028 sollertiam,
550 1958 583 2014 ut
612 1951 675 2014 siue
705 1951 793 2014 mode
823 1961 967 2034 usurpata
994 1960 1165 2032 surgentem

87 2036 227 2117 spiritum
248 2053 307 2098 uon
327 2055 399 2100 rare
418 2046 550 2119 premat,
569 2038 648 2100 iutra
669 2040 762 2102 iustos
784 2049 880 2100 tamen
901 2040 973 2102 lines
996 2040 1168 2116 cohibitam,

88 2123 129 2184 ad
153 2122 407 2186 consummandam
434 2132 542 2204 poetae
564 2131 660 2186 artem
686 2125 901 2187 necessariam·
915 2143 996 2200 esse,
1015 2125 1168 2190 'coniten-

89 2207 160 2270 dum
192 2215 247 2270 est.
298 2209 381 2285 Quos
408 2209 481 2272 fines
509 2228 576 2272 nom
603 2209 799 2272 Alexandrini
828 2229 944 2290 semper
972 2212 1168 2288 servaverint,
1268 2281 1272 2290 ,

89 2311 169 2357 unnc
190 2310 250 2354 uon
277 2304 377 2374 potest
397 2297 566 2374 explorari,
588 2314 683 2377 neque
707 2297 808 2359 hercle
829 2298 946 2377 quidem
969 2316 1043 2376 ego,
1064 2307 1095 2362 ut
1117 2314 1169 2360 rc·

90 2399 158 2442 rum
185 2379 301 2456 fatear,
334 2399 371 2443 ex
401 2382 491 2443 animi
522 2381 580 2444 mei
614 2383 759 2445 sententia
790 2385 883 2444 ausim
912 2383 1073 2448 affirmare.
1122 2383 1168 2447 Do

87 2466 252 2548 Propertio
272 2484 345 2529 uero
365 2466 436 2549 qnid
458 2468 596 2541 seutiam,
619 2471 774 2550 superiore
797 2469 893 2551 capite
915 2471 987 2532 satis
1010 2479 1055 2532 est
1076 2485 1169 2550 expos

89 2552 189 2616 situm.
232 2551 315 2620 llaec
336 2552 373 2616 de
397 2555 620 2634 conpositione.
644 2555 711 2623 ¹lie
739 2554 858 2635 reliqua
882 2565 977 2618 autem
1006 2553 1169 2636 eloquendi

90 2648 159 2701 arte
189 2639 280 2701 multo
303 2638 453 2702 difficilius
483 2650 528 2702 est
558 2639 708 2703 iudicium.
752 2641 931 2719 llpmnorum
962 2642 1038 2704 cuim
1066 2642 1170 2706 fucata

10 2757 11 2760 ¹
90 2725 178 2789 tabes
202 2733 311 2804 quanto
333 2725 491 2788 interuallo
511 2727 660 2805 Propertii
683 2727 819 2789 ubertati
845 2725 952 2802 distet,
977 2745 1069 2809 supra
1089 2726 1170 2790 iudi·

10 2831 11 2878 3
91 2812 235 2875 cavimus.
278 2811 529 2893 Epigrammatnm
554 2829 644 2888 uero,
673 2825 798 2892 quorum
825 2815 918 2875 omnis
944 2813 1011 2898 laus
1038 2814 1069 2874 iu
1098 2829 1172 2876 acu·

91 2899 191 2972 mine,
220 2914 343 2959 acumen
368 2915 440 2960 uero
462 2899 493 2958 in
516 2898 583 2978 ipsa
608 2899 754 2960 breuitate
776 2899 906 2979 positum
926 2908 988 2975 est,
1016 2899 1173 2978 augustic-

91 3001 144 3046 res
166 2989 236 3046 suut
258 2983 349 3059 fines,
377 3003 463 3064 quarn
486 2985 593 3065 quibus
614 2985 726 3064 ingenii
749 2985 869 3047 ubertas
896 2985 969 3050 satis
995 2985 1092 3066 possit
1119 3002 1172 3048 ex·

91 3069 214 3152 plicari.
264 3068 369 3149 ltaque
397 3069 510 3134 frustra
537 3069 642 3144 luerit,
670 3071 722 3151 qui
750 3071 789 3133 ao
818 3086 919 3133 eorum
948 3071 1173 3156 comparatione
1228 3116 1231 3120 -

11 3229 13 3238 Ι
92 3156 183 3218 mimis
219 3151 258 3215 ad
288 3154 468 3218 illustranda
502 3164 605 3218 nostra
633 3156 767 3218 carmina
800 3157 1005 3239 proiecturum
1034 3174 1067 3219 se
1105 3173 1173 3221 esse

11 3253 13 3322 ῥ
94 3248 207 3324 speret.
252 3239 313 3303 Sed
336 3253 474 3322 quautam
493 3242 543 3306 rel
564 3259 602 3304 ex
627 3243 674 3303 iris
695 3241 743 3304 uel
767 3261 804 3306 ex
827 3244 996 3324 aequalium
1016 3251 1173 3326 poetarum

11 3343 14 3414 J»
95 3327 254 3409 reliquiis,
284 3327 336 3407 qui
363 3345 443 3410 nnnc
466 3329 553 3390 nobis
583 3329 749 3410 principum
775 3329 896 3393 illorum
917 3330 998 3395 uiues
1027 3331 1174 3393 sustinere

95 3414 225 3488 dehent,
254 3414 442 3490 conicimus,
471 3422 583 3476 tautum
613 3423 672 3490 est,
699 3423 733 3477 ut
753 3417 928 3497 Propertius
957 3434 994 3478 ea
1015 3415 1175 3496 eloquendi

11 3535 12 3538 π
96 3510 202 3584 parte,
218 3517 303 3579 quae
325 3517 390 3562 cum
415 3501 615 3579 grammaticis
638 3501 748 3565 normis
771 3505 864 3566 artius
891 3505 1074 3577 continetur,
1100 3520 1175 3583 pau·

11 3591 12 3598 ’
99 3589 238 3659 cissima,
271 3602 326 3649 nec
357 3586 423 3648 lere
454 3584 613 3666 quidquam
641 3586 779 3651 rideatur
813 3591 850 3652 ab
880 3588 1088 3652 Alexandrinis
1121 3587 1174 3650 de·

97 3672 297 3755 prompsisse,
326 3673 397 3751 quin
425 3671 484 3732 iam
507 3674 650 3748 communi
677 3675 875 3754 antiquiorum
900 3675 1044 3737 Graeciae
1073 3683 1177 3755 poeta·

98 3778 164 3822 rum
193 3775 250 3819 usu
278 3766 358 3821 esset
385 3759 557 3838 probatum;
584 3760 673 3841 plura
692 3779 765 3824 uero
787 3763 818 3823 in
844 3763 1021 3840 metonymia
1042 3769 1072 3823 et
1093 3759 1178 3822 euul-

99 3846 188 3926 lage‚
218 3844 350 3923 quamuis
379 3845 410 3907 iu
438 3853 566 3925 utroque
596 3861 708 3924 genere
730 3847 820 3910 multo
843 3865 907 3909 cum
936 3847 1093 3909 audentior
1117 3855 1177 3909 tum

100 3949 173 3995 uero
199 3931 289 3991 etiam
309 3928 429 3992 felicior
450 3924 600 4008 magistris
630 3933 701 3994 suis.
746 3934 879 3996 Omnium
900 3945 972 3997 uero
993 3933 1123 4014 plurima
1144 3931 1177 3993 iu

101 4017 242 4081 similium
267 4033 324 4076 usu
349 4024 378 4079 et
405 4016 435 4077 in
464 4017 637 4098 metaphora
664 4019 702 4078 iis
731 4018 830 4082 debet.
859 4019 947 4082 .Nam
970 4021 1007 4080 ala
1031 4020 1086 4080 hoo
1114 4017 1178 4098 pri·

12 4135 14 4172 ι
66 4111 67 4125 ’
102 4122 181 4166 mum
208 4110 343 4182 tempure
373 4102 519 4166 tralatitia
552 4103 697 4184 quaedam
733 4105 843 4166 similia
873 4104 1056 4168 hereditario
1091 4102 1179 4182 qnasi

13 4223 15 4284 ,
102 4190 170 4253 iure
190 4188 223 4249 iu
245 4202 359 4250 omnem
373 4195 499 4250 aetatem
519 4188 562 4252 ita
580 4198 750 4271 propagata
771 4200 846 4265 sunt,
864 4204 898 4255 ut
919 4193 1055 4273 poeticae
1072 4187 1179 4250 dictio·

13 4291 15 4318 l
103 4279 149 4338 uis
165 4272 261 4338 ueluti
281 4271 400 4354 quidam
418 4274 574 4337 thesaurus
595 4275 773 4339 alliceretur.
815 4278 882 4355 Quo
902 4278 1032 4359 quamuis
1053 4274 1180 4337 iniurio-

104 4381 154 4426 res
183 4368 295 4444 poetae
323 4375 425 4424 omues
452 4369 513 4426 tom
539 4361 713 4445 frequenter
738 4363 799 4426 siut
826 4363 889 4441 usi,
917 4371 952 4440 ut
977 4360 1180 4426 multaciam
