2848 4972
230 403 292 470 rsa
524 387 736 460 rnonnunu
755 387 819 454 nn.
837 381 941 487 run
958 385 1006 472 2.¹

275 569 371 634 Nunc
390 572 447 632 tna
470 553 524 630 vel
546 559 665 628 mediis
688 559 806 646 puppis
826 557 966 624 luctetur
986 558 1020 623 in
1042 556 1151 642 undis,

320 668 384 737 Vel
405 667 484 734 licet
506 665 642 732 armatis
664 659 772 726 hostis
794 661 928 725 inermis
952 661 1025 740 eas,

275 771 338 839 Vel
358 767 551 836 tremefactu
573 783 657 831 cavo
680 764 779 829 tellus
802 761 937 827 diducat
959 759 1101 827 hiatum:

233 888 273 934 1⁶⁰
319 871 491 960 octipedis
513 867 632 938 Cancri
653 877 751 955 terga
776 867 914 932 sinistra
934 867 1023 932 time.

746 1041 790 1115 ΙΙ.

278 1171 385 1280 Quid
407 1191 528 1254 mirare
548 1204 643 1256 meas
665 1188 715 1252 tot
736 1185 769 1250 in
790 1202 855 1250 uno
878 1199 1016 1268 corpore
1035 1176 1188 1247 formast

322 1295 446 1377 Accipe
468 1291 637 1356 Vertumni
659 1291 758 1377 signa
780 1294 919 1374 paterna
941 1285 1004 1351 dei.

277 1397 409 1465 Tuscus
433 1413 516 1484 ego,
538 1395 660 1460 Tuscis
683 1394 786 1474 orior,
807 1407 871 1457 nec
892 1390 1039 1475 paenitet
1058 1389 1144 1452 iuter

319 1497 451 1565 Praeiia
463 1497 639 1574 ³Volsinios
661 1495 854 1561 deseruisse
873 1493 976 1559 iocos.

248 1603 375 1670 ⁶Haec
396 1619 448 1666 me
470 1601 566 1666 turba
588 1601 700 1682 iuvat,
723 1615 786 1664 uec
807 1597 927 1683 templo
949 1596 1056 1661 lactor
1078 1592 1221 1658 eburno:

320 1707 501 1773 Romanum
522 1705 608 1768 satis
630 1709 683 1768 cst
704 1718 807 1787 posse
826 1698 944 1766 videre
965 1699 1079 1764 iorum.

278 1811 353 1877 Hac
376 1807 536 1894 quondam
559 1809 733 1873 Tiberinus
755 1810 819 1874 iter
839 1806 998 1886 faciebat,
1021 1812 1055 1869 et
1075 1804 1167 1868 aiunt

320 1913 495 1978 Remorum
517 1909 649 1976 auditos
672 1929 731 1996 per
752 1908 841 1976 vada
864 1910 959 1994 pulsa
980 1926 1100 1973 sonos:

278 2014 326 2080 At
346 2021 517 2099 postquam
539 2012 594 2078 ilie
616 2016 687 2079 suis
711 2019 836 2078 tanturn
858 2011 1023 2078 concessit
1044 2007 1197 2089 alumnis

235 2130 262 2175 1·
323 2117 523 2182 Vertumnus
543 2133 643 2181 verso
669 2116 760 2182 dicor
783 2117 824 2181 ab
847 2131 942 2181 amne
965 2112 1058 2179 dens.

278 2216 365 2298 Seu,
388 2220 465 2303 quia
487 2221 649 2284 vementis
671 2218 810 2285 fructum
833 2218 1058 2304 praecepimus
1078 2212 1168 2294 anui,

319 2319 489 2385 Vertumni
509 2340 625 2386 rursus
648 2321 793 2387 creditur
816 2337 896 2386 csse
917 2337 1056 2385 sacrum.

276 2417 387 2486 Prima
408 2418 484 2485 mihi
505 2423 615 2487 variat
635 2421 814 2489 liventibus
839 2439 907 2485 uva
928 2419 1081 2500 racemis,

319 2520 367 2588 Et
387 2511 481 2588 coma
501 2523 635 2591 lactenti
658 2527 774 2611 spicea
795 2524 893 2611 fruge
915 2529 1024 2588 tumet.

234 2635 261 2683 1⁵
277 2625 343 2691 Hic
364 2624 478 2692 duiccs
499 2645 654 2709 cerasos,
676 2625 730 2694 hic
752 2626 949 2692 autumnalia
971 2642 1076 2712 pruna

322 2724 440 2794 Cernis
464 2735 498 2794 et
520 2731 651 2795 aestivo
675 2747 765 2795 mora
785 2731 903 2796 rubere
924 2730 988 2794 die.

276 2827 399 2897 Insitor
420 2829 474 2896 hic
494 2833 595 2898 solvit
616 2852 755 2918 pomosa
775 2841 853 2899 vota
875 2851 1008 2915 corona,

319 2930 400 2998 Cum
422 2936 512 3019 pirus
534 2929 639 3002 invito
662 2938 776 3022 stipite
797 2936 884 3002 mala
905 2935 988 3002 tulit.
1039 2935 1041 2945 ’
1116 2987 1120 3004 ,

274 3033 421 3100 Mendax
442 3035 531 3101 fama
552 3054 669 3102 noces:
690 3037 775 3102 alius
798 3035 878 3102 mihi
898 3035 1037 3110 nominis
1057 3030 1177 3098 index:

231 3147 259 3194 ss
318 3135 372 3202 De
394 3154 433 3202 se
455 3141 602 3206 narranti
623 3146 658 3206 tu
680 3139 775 3206 ruodo
798 3137 898 3207 crede
920 3137 993 3205 deo.

276 3233 469 3322 Opportuna
490 3259 564 3307 mea
587 3247 640 3308 est
661 3245 789 3309 cunctis
811 3250 929 3308 natura
949 3241 1081 3332 figuris:

315 3337 354 3404 lu
376 3360 612 3431 quamcumque
631 3344 729 3410 voles
751 3349 865 3428 verte,
887 3343 1028 3410 decorus
1051 3358 1118 3408 era.

302 3527 361 3583 lid.
379 3527 470 3598 hospis
487 3532 518 3588 7.
586 3535 646 3590 119.
663 3549 755 3587 casum
766 3535 844 3588 Pecs.
864 3532 977 3586 deducu
992 3533 1077 3598 11.ιι.,
1094 3527 1204 3584 diducat
1219 3535 1258 3586 H·
1272 3529 1308 3587 Υ.
1404 3519 1405 3540 ’

227 3608 331 3665 hiatum
349 3615 439 3682 Pers..
457 3615 531 3670 hiatu
552 3620 585 3675 G.
601 3626 638 3673 Η.
708 3626 765 3674 15⁰.
785 3620 917 3688 octipedis
934 3623 1027 3672 contra
1045 3633 1070 3670 s.
1404 3607 1405 3630 ³

298 3699 326 3750 11
334 3731 347 3765 ‚-
360 3706 385 3753 2.
407 3703 528 3756 sertuuni
547 3706 580 3760 6.
595 3712 620 3756 et
636 3708 674 3758 sic
691 3706 792 3774 ubique,
810 3709 851 3759 uti
867 3712 892 3758 et
908 3707 949 3772 Δ.,
968 3699 1070 3756 vertuni
1086 3704 1123 3754 a.
1141 3708 1167 3754 ct
1187 3703 1227 3756 stc
1245 3702 1305 3755 aas·

231 3795 287 3848 qne.
308 3788 421 3850 petenda
435 3789 469 3842 D.
538 3794 564 3843 2.
583 3807 634 3856 ego
650 3797 677 3843 et
692 3793 770 3846 61).
838 3792 865 3844 4.
881 3787 1014 3842 vulcanius
1027 3791 1074 3854 N„
1091 3787 1225 3856 coisnanus
1238 3787 1307 3855 Hb„

228 3867 353 3926 volsauos
372 3872 404 3926 G.
417 3879 455 3927 H.
476 3876 506 3928 V.
522 3879 578 3942 Μ.,
602 3877 718 3929 uulsinos
735 3877 785 3944 1²„
809 3875 940 3929 volscinos
958 3890 985 3926 u.
1054 3877 1080 3926 ὅ.
1099 3873 1156 3926 Nec
1174 3873 1209 3927 6.
1225 3889 1252 3926 s.
1270 3891 1307 3931 ss.

227 3945 280 4004 Hb.
297 3951 328 4006 A.
346 3967 406 4004 maa
423 3959 457 4010 N.
475 3956 559 4010 lector
575 3956 688 4014 Hom.
753 3965 780 4014 6.
799 3958 851 4031 est]
872 3963 900 4009 et
920 3960 950 4011 7.
1019 3959 1046 4010 8.
1065 3953 1153 4024 pulsa]
1171 3957 1245 4008 suisa
1258 3961 1306 4010 Μ.

227 4036 254 4088 9.
269 4035 306 4085 At
324 4051 374 4088 um.
394 4053 437 4102 pr.
455 4054 490 4092 m.
510 4042 543 4094 6.
615 4048 657 4096 ld.
676 4041 830 4095 Vertunnus'
845 4040 899 4096 Hb.
918 4050 943 4094 ct
959 4044 998 4095 sic
1017 4047 1057 4095 12.
1134 4046 1177 4096 11.
1195 4047 1307 4093 verten-

226 4122 267 4170 10·
286 4119 322 4172 Ν.
348 4122 513 4189 percepimus
538 4127 570 4183 6.
593 4129 630 4186 It.
654 4145 698 4193 o.,
726 4127 909 4196 praecepimus
939 4130 969 4184 tf.
988 4131 1030 4179 M.
1121 4130 1163 4177 12.
1190 4125 1309 4186 credidit

225 4219 313 4260 omnes
329 4215 437 4274 praeter
453 4211 484 4264 P.
554 4219 600 4270 13.
614 4231 667 4268 uua
682 4212 736 4270 tlt.
807 4208 1304 4279 ss.crassospc.os.11t.autuum-

125 4317 127 4325 .
222 4283 259 4337 lia
279 4289 312 4340 G·
333 4305 411 4356 poma
423 4295 460 4348 H.
474 4308 497 4346 s.
510 4309 545 4348 us.
559 4291 614 4350 Hit.
685 4299 727 4352 18.
746 4297 821 4366 prius
840 4300 878 4349 Η.
893 4294 946 4348 Hit.
962 4311 987 4349 c.
1057 4299 1099 4350 19.
1119 4309 1199 4347 voces
1215 4310 1239 4347 s.
1258 4293 1304 4358 V..

221 4379 300 4438 ¹¹⁰⁰ss
313 4373 365 4430 Hb.
420 4382 462 4430 21.
477 4381 615 4448 oportuna
628 4383 660 4437 6.
671 4385 707 4434 Ν.
762 4383 804 4434 22,
818 4394 1001 4450 quemcunque
1012 4381 1061 4447 6.,
1076 4391 1249 4447 quaecuuque
1262 4377 1295 4429 V.
