2834 4972
248 369 302 444 42
573 375 765 434 Quaestionum
784 373 867 430 Liber
885 371 997 444 primur,

249 553 363 619 animno
390 550 448 616 tihi
476 549 704 626 reconcilietur,
730 565 790 611 nou
816 547 949 623 inuocat,
976 544 1030 611 aed
1050 544 1200 630 implorat.
1242 544 1323 610 Prae

250 641 359 707 cetaria
379 647 477 704 auum
499 639 599 702 chaat
617 635 794 699 Milanicnia
814 633 996 716 exemplum,
1019 633 1071 716 qui

423 779 459 794 -
492 777 527 792 -·
559 751 677 803 calloo
692 747 813 817 sopiendo
829 774 865 788 -
882 747 1023 801 doloret

453 821 599 875 Saeuitiam
618 819 702 872 durae
719 816 835 870 cceatadit
851 817 965 870 lueidoa.

305 942 311 956 ,
422 891 493 956 Eupo
510 890 620 942 velocem
639 888 727 956 potuit
743 886 874 939 dornetiaco
888 887 1014 951 puellam.

455 960 568 1012 l'ontaon
583 958 612 1009 io
629 971 720 1010 umore
736 968 858 1024 precer
875 960 901 1006 et
921 951 1104 1022 benefacto
1119 951 1217 1010 colent.

248 1075 362 1158 Nempe
382 1072 497 1138 alienae
516 1072 633 1156 puellas
654 1074 738 1138 circa
756 1070 885 1153 compita
902 1079 1045 1150 rogantes
1066 1070 1251 1153 amplexibus
1271 1067 1322 1134 io-

248 1180 320 1226 terc
342 1160 477 1236 furtiuis,
503 1163 562 1225 lae
588 1168 656 1224 aunt
681 1175 806 1241 preces,
833 1159 908 1221 haec
934 1158 1108 1242 benefacta,
1132 1158 1164 1219 lai
1191 1156 1322 1237 denique

248 1248 388 1323 labores,
416 1247 522 1328 quibua
548 1246 616 1328 quia
642 1245 735 1308 durae
762 1242 876 1308 amicae
902 1243 1055 1315 seruitium
1078 1243 1200 1307 vincat?
1243 1243 1322 1306 Tum

250 1342 334 1396 certe
353 1334 480 1396 maximo
500 1334 583 1408 iure,
604 1331 738 1414 quamtis
757 1347 847 1392 aenan
867 1328 996 1408 duanae,
1019 1327 1131 1393 addere
1151 1328 1264 1410 potuit:
1287 1329 1321 1392 in

249 1436 297 1482 ne
316 1417 420 1483 tardus
440 1420 533 1483 Amor
551 1435 613 1481 non
634 1418 712 1480 ullae
733 1416 847 1496 cogitat
871 1425 962 1478 artes.
983 1475 985 1480 ,
1004 1413 1109 1497 Neque
1132 1432 1205 1480 reru
1227 1413 1322 1477 lacile

248 1521 372 1583 mnam,
400 1504 506 1587 quibua
531 1521 615 1568 auum
642 1503 815 1568 sententiam
837 1502 1043 1565 Lachmannna
1067 1501 1187 1564 firmare
1213 1500 1323 1578 studet,

247 1591 276 1653 ai
306 1590 475 1655 accuratius
505 1591 691 1675 excusseris,
722 1583 896 1670 prolubio,
924 1589 1029 1655 Mouet
1059 1587 1137 1652 dunc
1164 1583 1240 1670 pr'ae
1269 1603 1323 1650 ce·

245 1675 320 1740 teria
340 1695 384 1742 ra.
403 1679 435 1744 d.
873 1761 877 1770 .

450 1777 538 1830 Donec
554 1791 595 1830 mo
609 1775 698 1846 docuit
714 1781 806 1830 conoe
823 1773 910 1828 odisee
923 1775 1036 1844 puellae,

245 1875 300 1940 ubi
325 1876 520 1960 interpretum
546 1878 681 1961 priorum
702 1885 866 1942 commenta
890 1875 957 1940 iure
983 1893 1038 1940 auc
1064 1873 1231 1940 reiioieuda
1252 1894 1323 1942 esee

247 1972 364 2038 cenaet3
390 1982 458 2027 nam
478 1979 534 2027 nec
554 1963 592 2028 de
610 1964 708 2030 Mucia
729 1973 781 2029 aut
798 1961 924 2027 Pallade
949 1961 995 2040 (ut
1016 1962 1126 2044 Vulpic
1145 1962 1259 2046 placuit
1279 1965 1322 2027 ad

246 2047 270 2112 l.
282 2049 321 2130 l.)
334 2049 485 2131 Sibyllina
496 2051 545 2113 laic
562 2049 622 2114 iaci
637 2051 739 2130 uerba,
752 2067 807 2114 nec
820 2048 974 2129 Cynthium
989 2049 1038 2111 lic
1056 2049 1232 2131 impudicam
1249 2060 1322 2131 apte

246 2135 394 2199 nominari
412 2153 503 2218 posce
524 2151 588 2199 cum
605 2136 729 2201 Bartlio
749 2135 950 2201 autlluincel.
970 2135 1112 2200 arbitror.
1152 2136 1322 2198 Lachman-

246 2238 303 2282 uns
324 2229 422 2286 autom
451 2223 575 2285 amica
602 2222 762 2287 deserta
784 2222 860 2288 viles
885 2239 1031 2302 quaerere
1051 2221 1238 2302 Propertium
1263 2223 1320 2286 ait.

245 2303 313 2385 ligo
334 2323 408 2371 aero
428 2307 505 2370 uilil
523 2308 606 2372 aliud
626 2308 674 2371 lria
692 2309 792 2372 uerbis
812 2315 931 2390 puttam
951 2305 1122 2386 significare
1140 2307 1240 2383 credo,
1259 2309 1323 2370 nisi

244 2391 362 2472 „donec
382 2391 536 2459 ardentius
556 2411 657 2458 amare
677 2395 794 2476 coepi.“
834 2393 939 2474 Neque
958 2392 1034 2456 enim
1051 2393 1132 2468 dicit,
1151 2395 1183 2457 iu
1201 2395 1323 2457 unirer-

248 2495 313 2540 aum
335 2496 369 2542 ae
394 2479 526 2544 odisse
547 2479 718 2563 puellas,
745 2480 797 2544 sed
822 2488 950 2543 castae
980 2479 1097 2555 odisse,
1117 2481 1146 2542 la.
1168 2498 1194 2543 e.
1213 2488 1321 2562 quate-

245 2581 301 2626 uno
329 2573 431 2630 castae
458 2566 526 2629 aiut.
575 2566 709 2647 Namque
734 2567 786 2647 qui
810 2565 893 2629 nullo
922 2573 973 2629 aut
996 2565 1113 2630 modico
1142 2583 1245 2629 amore
1272 2575 1321 2630 est

247 2649 384 2727 imbutus,
404 2651 459 2715 ille
478 2651 604 2734 perinde
624 2653 723 2728 labet,
745 2661 847 2716 caetae
868 2652 987 2734 puellae
1007 2653 1076 2728 aint,
1095 2668 1196 2715 necne.
1240 2653 1320 2716 Tum

245 2736 388 2816 primum,
421 2753 487 2800 cutu
522 2755 624 2800 amare
654 2739 813 2820 incipiunt,
845 2739 943 2819 ipsas,
977 2739 1083 2819 quibus
1116 2739 1319 2819 perditissime

245 2821 392 2902 flagrant,
416 2833 540 2906 propter
560 2824 726 2887 castitatem
752 2825 870 2886 nimiam
890 2841 991 2886 rtrrsus
1014 2824 1148 2886 oderunt.
1190 2825 1236 2888 Eu
1258 2825 1320 2902 igi-

244 2915 293 2970 tur
313 2926 484 2989 perversam
504 2909 586 2972 illam
608 2913 732 2974 amantia
762 2911 850 2973 animi
877 2909 1102 2972 inconstantiam
1129 2918 1160 2973 et
1186 2911 1321 2992 trepida-

246 2993 373 3070 tionem,
403 3014 481 3076 quce
508 2997 614 3059 iterum
637 3009 788 3077 comparet
812 3015 854 3059 ra.
872 2999 925 3060 28.
967 2994 1138 3072 illacrima,
1164 2996 1220 3058 ubi
1243 2997 1320 3059 ami-

245 3096 346 3142 corum
369 3081 510 3143 auxilium
532 3083 665 3157 invocat,
687 3092 719 3145 ut
740 3101 773 3144 se
793 3083 955 3144 inhonestis
976 3081 1116 3157 uinculis,
1137 3083 1244 3162 quibua
1263 3099 1319 3146 ex-

246 3165 395 3228 cutiendis*
410 3169 476 3248 ipse
495 3167 573 3229 vireu
595 3186 665 3229 snas
686 3169 815 3248 impares
835 3168 959 3242 lrabeat,
980 3166 1124 3231 liberent:

266 3303 269 3310 ·
380 3281 433 3331 Aut
450 3295 513 3346 cca,
533 3278 633 3346 inquit,
653 3282 696 3346 poi
714 3296 773 3332 aero
792 3281 896 3346 leporem
914 3282 1044 3333 revocatio
1063 3282 1183 3351 uminum,

417 3349 538 3410 Quaerite
556 3364 608 3398 ιιιιιι
627 3351 688 3400 octat
704 3351 818 3415 pectoris
839 3352 951 3402 cicuitio.

379 3416 499 3468 Fortiter
517 3423 541 3467 et
558 3417 674 3482 serrum,
692 3433 786 3468 saevos
802 3419 936 3485 potiemur
955 3425 979 3469 et
995 3420 1077 3486 iperet,

414 3485 457 3536 stt
475 3485 551 3536 modo
569 3483 740 3551 libertae,
760 3500 841 3554 pune
858 3489 951 3539 uolet
970 3488 1046 3554 irc,
1064 3487 1143 3556 loqui.
1259 3533 1266 3542 .

242 3585 309 3652 vid.
331 3587 409 3650 euim
432 3596 585 3651 comment.
608 3586 647 3649 ad
669 3589 698 3650 lr.
716 3589 737 3652 l.

344 3674 406 3737 lam
426 3672 577 3737 uideamus
601 3672 639 3736 de
661 3675 757 3737 altero
779 3674 865 3752 loco,
893 3676 940 3739 cui
968 3673 1007 3739 ad
1036 3673 1208 3740 firmandum
1230 3695 1314 3739 auam

243 3759 658 3910 {fpljlffwpgfapcgfmm
693 3761 818 3843 aliquod
853 3762 957 3827 tribuit
995 3773 1180 3827 momentum.
1240 3764 1316 3880 dunt

399 3965 472 4028 Hoc,
493 3979 598 4030 manco,
616 3964 699 4015 vitute
715 3963 830 4031 matam,
847 3979 896 4017 auc
915 3979 1035 4032 poenaque
1051 3971 1169 4019 moratae

432 4033 522 4101 Oura,
539 4048 619 4101 neque
636 4039 745 4085 cauum
762 4039 842 4084 mutet
861 4049 952 4085 umore
970 4035 1054 4088 locum
1071 4062 1106 4072 -
1234 4034 1239 4046 “

244 4153 318 4220 qnos
339 4135 387 4201 uir
407 4135 462 4199 ille
484 4136 588 4200 doctus
612 4135 649 4198 de
674 4135 843 4200 deserenda
869 4136 986 4218 puella,
1015 4137 1162 4220 quomodo
1183 4136 1315 4219 Proper-

244 4226 303 4288 tius
324 4223 390 4304 ipae
417 4240 501 4286 auam
528 4222 703 4303 reliquerit,
729 4223 951 4304 interpretatur.
993 4224 1056 4288 lam
1077 4242 1149 4289 tero
1170 4223 1239 4288 uide
1264 4225 1317 4301 sia,

245 4328 338 4394 qnos
359 4309 405 4373 lria
427 4318 519 4392 potita
540 4309 643 4374 verbio
664 4307 831 4374 admoneat
874 4309 952 4388 Vua,
970 4309 1068 4394 inquit
1088 4311 1165 4376 euim
1186 4327 1229 4376 aa.
1252 4314 1316 4387 31,
