2822 4976
378 414 395 457 3
442 307 879 424 rnoruarnnu.11,2a.

164 506 240 578 Hoc
261 506 370 596 perdit
390 507 550 590 miseras,
571 504 634 572 hoc
654 503 799 598 perdidit
821 511 900 572 ante
917 504 1064 594 puellas:

212 611 375 702 Quicquid
396 615 563 694 iurarunt,
584 616 707 677 ventus
731 618 765 678 et
787 607 877 676 unda
895 611 993 696 rapit.

169 716 255 782 Num
277 719 343 782 sibi
364 717 517 782 collatam
539 713 641 780 doluit
662 715 777 780 Venus
796 717 873 800 ipsa
891 713 1096 801 paremque?

123 826 152 872 1⁰
212 818 300 884 Prae
321 838 361 885 se
383 820 536 884 formosis
557 815 725 884 invidiosa
745 814 810 883 dea
830 823 892 884 est.

168 920 230 1006 An¹
245 928 430 1008 contempta
451 924 511 988 tibi
531 920 667 986 Iunonis
688 920 811 1006 templa
830 919 1009 1011 Pelasgae,

209 1023 357 1090 Palladis
378 1033 436 1090 aut
456 1023 569 1090 oculos
589 1040 674 1089 ausa
697 1041 825 1112 negare
846 1023 974 1092 bonosi

169 1128 327 1217 Semper,
347 1133 528 1215 formosae,
551 1148 617 1196 non
638 1131 747 1195 nostis
768 1145 907 1213 parcere
926 1132 1056 1198 verbis:

212 1235 286 1302 Hoc
308 1219 367 1302 tihi
384 1237 500 1324 lingua
520 1251 662 1316 nocens,
684 1230 747 1298 hoc
765 1233 826 1298 tibi
846 1233 954 1299 ¹l'ormo
974 1235 1075 1305 dedit.

125 1348 153 1394 1⁵
170 1332 242 1404 Sed
264 1339 324 1404 tibi
345 1352 492 1402 vexatae
515 1354 575 1422 per
593 1331 694 1400 multa
716 1333 864 1420 pericula
882 1336 975 1404 ritae

212 1438 373 1507 Extremo
392 1427 505 1506 veniet
525 1438 651 1504 mollior
670 1435 751 1502 hora
771 1436 837 1504 die.

169 1541 207 1610 Io
229 1562 333 1611 versa
355 1550 453 1631 caput
473 1544 595 1629 primos
616 1543 804 1629 mugiverat
824 1557 947 1609 annos:
1044 1549 1046 1554 “
1142 1545 1144 1550 ’

209 1647 308 1713 Nunc
330 1645 413 1729 dea,
436 1664 523 1732 quae
539 1645 608 1712 Nili
629 1645 762 1712 flumina
783 1661 889 1712 vacca
907 1645 998 1716 bibit.

168 1746 229 1815 Ino
252 1751 352 1815 etiam
373 1746 596 1836 prima'tcrris
619 1754 733 1814 aetate
750 1755 878 1837 vagata
899 1757 968 1817 est:

123 1867 153 1912 2·
212 1853 311 1920 Hanc
332 1855 433 1919 miser
453 1852 602 1940 implorat
621 1853 737 1917 navita
755 1850 980 1921 Leucothoen.

167 1955 380 2025 Andromede
400 1958 555 2022 monstris
577 1955 686 2020 fuerat
707 1951 829 2019 devota
850 1958 1002 2024 marinis=

212 2063 308 2128 Haec
328 2059 445 2150 eadem
464 2060 583 2126 Persei
601 2059 721 2126 nobilis
742 2077 827 2124 uxor
847 2066 930 2128 erat.

168 2164 308 2233 Callisto
331 2163 494 2234 Arcadios
516 2173 689 2230 erraverat
709 2179 790 2228 urse
812 2181 872 2248 per
893 2183 1011 2256 agros:

212 2270 309 2335 llaec
326 2274 487 2334 nocturna
508 2285 568 2332 suo
590 2265 704 2332 sidere
722 2267 800 2332 vela
821 2270 917 2355 regit.
941 2268 942 2274 ’

125 2387 152 2432 er
170 2369 264 2455 Quod
287 2373 317 2436 si
337 2371 422 2436 forte
443 2369 503 2435 tibi
525 2371 730 2455 properarint
748 2370 820 2435 lata
839 2374 994 2458 quietem,

212 2476 274 2542 llla
296 2474 488 2561 sepulturae
507 2473 579 2538 fata
602 2473 702 2537 beata
723 2477 811 2536 tuae.

169 2580 334 2650 Narrabis
355 2576 528 2665 Semelae,
551 2594 614 2663 quo
637 2577 683 2641 sit
707 2574 854 2640 formosa
874 2577 1011 2660 periclor

214 2677 337 2747 Credet
359 2683 393 2743 et
413 2677 489 2761 illa,
510 2695 571 2741 suo
594 2673 692 2741 docta
714 2674 824 2760 puella
843 2676 944 2748 malo:

168 2781 217 2852 Et
238 2784 299 2849 tibi
319 2781 492 2848 Maeonias
512 2781 599 2846 inter
619 2777 776 2844 heroidas
795 2780 902 2844 omnis

102 2899 153 2973 ⁸ao
212 2883 341 2951 Primus
363 2884 428 2948 erit
447 2882 536 2948 nulla
555 2901 620 2947 non
640 2882 805 2947 tribuente
823 2881 930 2947 lonae.

168 2990 282 3071 Nunc,
303 2993 477 3072 utcumque
498 2992 614 3072 potae,
634 2985 704 3050 fato
725 3000 810 3074 gere
831 2987 948 3052 saucia
965 3005 1104 3058 morem:

209 3090 257 3160 Et
277 3088 361 3157 deus
382 3096 419 3157 et
440 3087 541 3156 duros
561 3090 702 3158 vertitur
722 3091 798 3176 ipse
819 3087 904 3157 dies.

195 3366 222 3418 8.
245 3359 351 3414 iuratur
372 3358 443 3428 Hla,
469 3357 582 3412 iurarem
604 3360 658 3429 Ν.,
688 3359 812 3413 iurantur
835 3359 869 3414 G.
955 3357 983 3417 ’9.
1008 3362 1071 3416 Nun
1097 3363 1130 3420 G.
1147 3372 1198 3436 H,

124 3450 205 3505 Nunc
225 3447 272 3512 7.,
290 3444 352 3495 Non
371 3445 407 3496 Ν.
425 3447 570 3510 praelatam
587 3446 626 3500 M.
645 3445 694 3497 illa
712 3460 760 3512 per
775 3459 877 3512 aequae
895 3445 928 3502 G.
945 3449 981 3501 N.
998 3450 1049 3518 lt,
1068 3465 1200 3519 peraeque

124 3530 179 3590 111,
196 3531 228 3582 Δ.
282 3532 321 3581 lo.
340 3525 462 3582 Perllh.
524 3533 566 3580 12.
585 3527 697 3581 Pollidio
715 3528 750 3579 N.
812 3533 853 3581 1³.
872 3527 982 3583 formosi
996 3538 1034 3586 H.
1086 3537 1128 3588 1⁵.
1146 3534 1199 3586 mi-

125 3617 154 3671 hi
171 3621 208 3669 H.
227 3619 324 3664 vexata
338 3637 372 3648 —
387 3611 441 3662 rita
457 3611 488 3665 P.
551 3617 593 3667 16.
610 3611 683 3664 verrit
699 3611 736 3664 N.
748 3627 773 3668 r.
783 3627 820 3679 ra,
836 3612 925 3667 reniet
941 3614 1017 3669 Perr.
1078 3621 1121 3670 17.
1139 3633 1199 3670 mn-

125 3703 213 3768 gieret
229 3695 284 3763 Hb.
360 3699 403 3752 18.
422 3697 500 3748 Hono
516 3697 569 3750 Hh.
592 3696 701 3750 flumine
712 3701 749 3752 H.
772 3713 836 3750 vaca
851 3713 875 3751 r.
952 3705 993 3754 10.
1013 3702 1079 3753 luno
1098 3720 1142 3771 pr.
1161 3719 1197 3758 m.

124 3785 189 3854 111,
207 3783 255 3836 lud
272 3781 335 3850 (aie)
356 3783 388 3834 G.
407 3787 492 3834 terrae
509 3797 534 3838 r.
552 3800 578 3835 a.
589 3822 597 3849 ‚
608 3783 696 3836 'terrie
714 3785 791 3836 Perr.
861 3787 904 3840 20.
921 3783 1037 3852 inploret
1053 3795 1089 3843 N.
1108 3792 1200 3844 leuco·

126 3875 190 3922 loen
201 3864 264 3933 Hb„
283 3863 448 3917 leucotheam
460 3870 495 3920 H.
511 3865 553 3932 lt,
574 3864 739 3918 leucotheam
749 3867 783 3918 11.
846 3871 888 3950 21.
900 3867 1070 3923 Andromede
1082 3874 1125 3942 G„
1143 3876 1199 3925 An-

126 3955 269 4006 dromedae
281 3947 335 4008 Hh.
353 3949 460 4019 devota]
476 3957 620 4004 monstrata
638 3953 670 4005 V.
725 3955 768 4004 23.
781 3950 882 4005 calisto
894 3969 919 4008 r.
929 3953 961 4010 A.
982 3957 1119 4011 archadius
1131 3977 1155 4016 r.
1164 3959 1199 4017 N.

124 4043 169 4094 24.
193 4046 302 4092 noctura
326 4053 369 4104 pr.
388 4053 422 4089 m.
439 4035 494 4094 Hb.
520 4039 589 4090 vella
605 4034 659 4090 Hd.
755 4040 799 4091 27.
826 4042 925 4092 cemele
945 4041 1031 4095 (1.1.
1049 4045 1085 4098 a.
1104 4043 1136 4097 A.
1164 4045 1200 4096 ult

125 4137 223 4175 omaro.
296 4124 343 4173 29.
362 4119 481 4172 meoniae
500 4121 534 4175 G.
552 4119 589 4172 Ν.
606 4123 644 4173 H.
660 4119 718 4187 11,
745 4119 898 4174 maeonidee
914 4123 950 4176 lt.
969 4111 1004 4176 a.
1022 4123 1144 4192 interque
1165 4125 1199 4178 G.

126 4223 154 4262 a.
171 4209 223 4274 rt,
241 4203 311 4258 inter
327 4206 364 4256 H.
383 4203 440 4271 H„
463 4203 535 4257 inter
551 4207 581 4255 et
596 4203 631 4258 D.
651 4203 752 4257 omneis
770 4219 814 4271 ra,
842 4205 928 4258 omnia
945 4213 982 4264 H.
999 4209 1039 4267 11.
1060 4208 1200 4264 Maeonia!

119 4303 219 4346 omnen
237 4288 360 4345 nauium
376 4286 449 4345 inter
466 4289 501 4344 V.
569 4293 614 4349 tl.
631 4289 711 4344 Hanc
727 4290 761 4345 n.
780 4294 921 4360 auumque
937 4296 976 4352 Η.
997 4293 1028 4350 V.
