2848 4972
451 377 901 472 annonarum.1v,u.
941 421 942 425 κ
1134 387 1194 450 rm

641 546 686 624 V.

171 674 296 762 Terra
316 693 404 758 tuum
426 691 532 778 spinis
553 687 712 772 obdurat,
732 689 825 774 lena,
846 691 1044 781 sepulcrum,

215 793 263 862 Et
284 803 358 878 tua,
381 795 466 881 quod
488 813 553 861 non
574 796 648 876 vis,
670 797 795 861 sentiat
813 797 927 862 umbra
949 801 1049 885 sitim,

172 896 246 962 Nec
266 895 408 963 sedeant
431 897 533 962 cineri
554 895 693 979 Manes,
713 903 748 961 et
767 893 933 964 Cerberus
952 900 1038 969 ultor

144 1078 146 1082 .
202 999 337 1086 ·Turpia
358 1001 467 1066 ieiuno
491 1005 617 1066 terreat
636 1017 718 1065 ossa
739 1017 831 1065 sono.

141 1115 157 1172 1
172 1100 283 1168 Docta
301 1103 361 1169 vel
375 1103 589 1190 Hippolytum
606 1103 731 1169 Veneri
751 1103 876 1170 mollire
894 1116 1082 1196 negantem,

216 1205 443 1294 Concordique
462 1215 533 1274 toro
556 1209 704 1293 pessima
722 1225 853 1294 semper
871 1212 959 1290 avis,

85 1310 87 1314 ’
167 1309 363 1397 Penelopen
383 1328 512 1398 qnoque
533 1311 686 1400 neglecto
706 1328 836 1378 rumore
856 1314 965 1383 mariti

216 1412 352 1478 Nubere
373 1411 499 1477 lascivo
521 1417 658 1499 cogeret
675 1411 829 1478 Antinoo.

58 1589 61 1593 ,
171 1512 234 1580 llla
253 1513 352 1597 velit,
373 1514 494 1600 poterit
512 1532 652 1603 magnes
673 1532 738 1580 non
759 1511 879 1581 duoere
899 1515 1021 1582 ferrum

130 1628 159 1672 ¹0
217 1613 265 1682 Et
282 1616 426 1682 volueris
447 1614 535 1680 nidis
555 1633 636 1682 esse
653 1633 800 1682 noverea
819 1618 902 1684 suis.

175 1717 303 1805 Quippe
325 1725 377 1802 et,
398 1714 543 1785 Collinas
563 1716 605 1783 ad
625 1717 750 1784 lassam
768 1721 910 1787 moverit
928 1717 1062 1805 herbata,

215 1821 349 1891 Stantia
368 1824 509 1888 currenti
532 1820 733 1888 diluerentur
753 1839 849 1908 equa.

172 1925 297 1994 Audax
318 1930 473 1991 cantatae
494 1924 591 2013 leges
612 1925 780 2011 imponere
801 1925 899 1992 lunae

215 2026 263 2095 Et
285 2046 348 2094 sua
367 2036 524 2095 nocturno
544 2028 662 2095 fallere
682 2035 780 2118 terga
801 2029 878 2116 lupo

131 2145 158 2190 ¹⁵
174 2132 296 2198 Posset
314 2138 351 2198 ut
369 2133 513 2199 intentos
536 2139 612 2200 astu
632 2150 773 2201 caecare
791 2135 938 2218 maritos,

217 2233 390 2301 Carnicum
409 2235 588 2302 immeritas
611 2239 697 2303 eruit
717 2255 829 2326 ungue
849 2256 971 2330 genas,

175 2335 411 2421 consuluitque
433 2339 558 2420 striges
580 2343 694 2403 nostro
715 2337 758 2403 de
778 2344 959 2427 sunguine,
981 2345 1016 2410 et
1034 2342 1070 2409 in
1088 2359 1141 2410 me

110 2491 113 2498 .
171 2492 174 2498 .
216 2441 441 2526 Hippomanes
462 2438 552 2505 letae
574 2441 701 2504 semina
720 2439 804 2527 legit
823 2457 940 2526 equae.

175 2542 350 2611 Exorabat
370 2561 453 2626 opus
472 2541 602 2622 verbis,
624 2560 687 2608 ceu
706 2542 827 2608 blanda
848 2549 984 2630 perurat

133 2661 163 2706 ee
219 2645 453 2731 saxosamque
474 2651 561 2710 terat
579 2643 696 2710 sedula
716 2643 849 2731 lympha
868 2647 973 2712 viam:

176 2750 245 2837 „Si
266 2757 301 2818 te
319 2747 394 2816 an
414 2747 638 2815 Dorozantum
658 2749 752 2815 iuvat
771 2767 874 2816 aurea
895 2745 969 2835 r'ipa

218 2849 267 2920 Et
288 2868 374 2936 quae
395 2849 457 2916 sub
478 2850 582 2936 Tyria
603 2847 730 2918 roncho
749 2851 900 2938 superbit
920 2865 1021 2936 aqua,

200 3107 234 3176 V,
251 3112 277 3164 1.
294 3103 367 3176 lena]
384 3110 455 3160 terra
476 3107 506 3161 V.
592 3111 618 3166 3.
635 3108 730 3163 eadent
740 3111 792 3163 M.
819 3110 858 3179 et]
876 3111 904 3162 ut
920 3112 997 3162 ΡΜ.
1017 3106 1149 3160 'serbarne
1169 3107 1202 3164 6.

132 3198 159 3250 t.
175 3193 306 3264 ypolitum
323 3189 504 3265 Mamillare
525 3191 580 3249 Πὸ.
647 3197 674 3247 a.
692 3189 762 3261 avia]
779 3195 846 3245 anne
863 3197 938 3246 Pers.
953 3196 991 3249 H.
1007 3190 1039 3245 7.
1107 3195 1133 3249 7.
1150 3191 1204 3244 Pa·

131 3283 254 3348 nelopenr
268 3275 324 3332 Hb.
342 3276 466 3330 madtnnr
477 3280 522 3332 M.
571 3282 599 3336 8.
616 3283 731 3344 entyntm
745 3279 791 3348 N„
808 3283 926 3343 antynno
937 3275 1002 3346 Hb,
1018 3273 1145 3329 anthinon
1159 3278 1203 3344 6.,

134 3365 242 3418 entinoo
259 3380 283 3420 r.
344 3367 370 3418 9.
387 3362 471 3417 veluit
487 3365 532 3416 M.
550 3362 678 3418 inducere
694 3367 739 3423 M.
797 3367 837 3417 1ο.
854 3361 924 3415 indie
938 3365 976 3414 H.
1038 3366 1080 3417 11.
1099 3358 1205 3428 Quippe

133 3457 165 3504 nt
182 3455 257 3502 Pm.
274 3448 390 3502 nolliriae
407 3449 449 3517 7.,
467 3449 568 3503 aolinee
580 3448 633 3506 Hb.
652 3449 757 3504 noverit
771 3465 797 3502 r.
809 3454 846 3504 H.
870 3446 968 3500 bebrua
977 3450 1016 3502 H.
1087 3449 1128 3501 12.
1141 3444 1205 3497 Sta·

134 3547 238 3601 gnaqne
256 3548 296 3596 ta,
322 3531 428 3584 Stantia
444 3534 478 3588 1).
492 3535 530 3586 H.
550 3534 581 3586 V.
595 3534 639 3586 M.
663 3532 836 3586 dulnerentnr
854 3531 888 3584 6.
966 3533 1010 3582 13.
1029 3531 1153 3582 anum
1167 3531 1204 3581 tt.

134 3623 177 3675 1⁵.
199 3616 288 3670 Posuit
312 3621 343 3667 nt
361 3621 455 3685 Pera,
482 3623 511 3669 et
535 3619 622 3674 ueteri.
651 3623 769 3672 retentos
792 3620 836 3675 M.
860 3616 940 3670 baetu
964 3611 1019 3666 Hb.
1051 3618 1154 3666 aarum
1179 3629 1208 3668 r.-

56 3696 59 3702 '
134 3707 176 3757 17.
195 3695 370 3765 Coanlnltqne
385 3701 430 3764 R..
449 3698 624 3768 Consulitque
641 3700 805 3769 pamfli„
822 3715 875 3769 qne
892 3701 1021 3776 onuM„
1070 3700 1113 3753 18.
1130 3697 1206 3765 Hyp-

131 3801 259 3856 pomanea
273 3785 325 3847 lt..
343 3782 525 3852 Hippomenes
544 3787 577 3841 6.
590 3787 624 3837 Ν.
630 3824 641 3852 ,
660 3787 843 3854 Hippomenes
860 3801 903 3852 pr.
916 3800 951 3839 m.
962 3781 1018 3838 Hb.
1086 3788 1129 3838 aa.
1148 3782 1205 3834 Ex-

132 3870 220 3925 orabit
235 3870 267 3925 Ρ.
280 3869 371 3935 Petet,
396 3869 551 3922 Exoruabat
570 3885 616 3938 ra,
640 3870 881 3929 Exaruerunt.
903 3871 933 3926 Γ.
947 3871 992 3922 M.
1017 3884 1066 3924 eeu
1082 3872 1119 3921 lt.
1145 3884 1207 3936 per-

131 3973 180 4010 ure
197 3957 250 4023 Ν..
269 3954 385 4023 praeiret
402 3954 498 4020 Pam,
517 3953 616 4022 periret
632 3959 669 4011 Η.
686 3957 716 4012 7.
729 3958 790 4021 M.‚
808 3959 915 4023 peruret
932 3958 966 4011 D.
980 3954 1035 4012 Hb.
1105 3957 1148 4008 20.
1165 3952 1206 4005 le-

131 4047 174 4096 rat
193 4042 225 4098 6.
242 4046 320 4097 ΝΛ.
336 4040 426 4096 HJ.
445 4042 488 4095 M.
504 4039 538 4092 D.
557 4043 634 4109 eulpa
653 4042 686 4095 6.
703 4041 741 4094 Ν.
759 4043 794 4093 rt.
812 4057 855 4108 ra,
871 4039 979 4109 lympha
995 4043 1034 4094 Η.
1102 4044 1145 4094 21.
1161 4036 1204 4090 iu-

129 4130 175 4178 vat
197 4125 424 4190 dorozantnmque
442 4139 485 4190 tu,
514 4125 741 4193 dorozantumque
763 4141 789 4180 o.
807 4142 829 4184 c.
852 4127 943 4195 Pera,
968 4126 1137 4179 dororantum
1160 4123 1203 4176 iu-

128 4216 173 4264 vat
189 4208 237 4273 6.,
255 4209 422 4262 detonantem
441 4207 514 4262 iuvat
531 4211 592 4277 M.,
614 4211 769 4264 denotatum
787 4209 861 4266 iuuet
874 4216 930 4280 11..
951 4208 1141 4266 doraxantbnnr
1160 4207 1203 4261 iu·

128 4299 174 4347 vat
193 4295 243 4361 G.‚
266 4292 339 4346 iuvat
361 4293 530 4348 derorantem
545 4296 598 4364 lb,
622 4295 797 4354 dorozuntum
814 4313 840 4357 υ.
857 4314 879 4352 e.
898 4299 930 4353 Ρ.
1015 4300 1058 4351 22.
1074 4307 1157 4348 nunna
1173 4308 1199 4350 r.

128 4377 254 4444 euperbat
270 4392 313 4444 pr.
331 4393 367 4430 en.
383 4374 437 4431 Hb.
