2834 4972
355 359 444 428 Caput
461 359 510 414 lv.
544 359 586 413 Do
603 359 755 416 inventione
772 362 916 432 Propertii.
1117 355 1168 433 61

102 555 148 602 sus
168 537 200 600 in
228 533 373 616 tingrdis,
399 533 531 615 quamvls
551 531 690 616 uideatur
714 536 975 617 conoitstisslmus,
1005 541 1095 606 limae
1116 561 1167 608 so-

101 625 215 687 lertiam
238 633 349 686 tautum
371 621 455 684 abest
477 629 509 706 ut
530 621 677 700 refugiat,
700 633 733 686 ut
752 625 910 688 uerborum
932 629 1075 692 concinna
1094 648 1167 711 pro-

101 711 226 794 prietate
254 709 372 771 insitam
398 705 553 769 affectuum
576 709 634 768 rim
658 718 779 788 augeat.
827 711 891 773 Neo
917 729 981 774 oum
1008 717 1109 778 varios
1137 725 1167 782 et

102 797 233 859 diversos
255 808 358 858 sensus
380 801 517 856 aestuans
535 795 692 873 percurrit,
714 795 916 876 dispositionis
936 797 1095 880 prudentia
1117 819 1169 865 oa·

101 892 151 946 ret.
189 883 274 944 liano
290 889 385 942 autem
400 879 578 959 tripartitam
592 879 704 958 ingenii
722 891 867 958 naturam,
885 885 915 944 in
935 887 1164 951 inveniendo

101 969 283 1050 potissimum
302 966 457 1046 copiam,
477 967 507 1026 in
529 964 746 1045 eloquendo
768 968 1006 1046 breuitatem,
1028 973 1058 1034 iu
1074 975 1169 1037 omni-

102 1055 153 1118 bus
176 1052 307 1134 denique
329 1060 449 1114 artem
476 1051 630 1129 requirere
651 1067 773 1115 neccsse
801 1063 854 1116 est.
899 1055 993 1132 ΩιιιιοΙ
1007 1061 1104 1122 omnia
1125 1062 1168 1122 si·
1220 1117 1223 1126 ι

102 1139 230 1219 gillotim
250 1138 378 1202 transire
400 1145 429 1199 et
448 1137 479 1198 in
500 1136 617 1199 abditas
637 1155 731 1217 usque
751 1141 910 1201 uerborum
931 1151 960 1205 et
980 1161 1169 1209 numerorum
1257 1149 1258 1153 ’

101 1227 234 1288 latebras
262 1223 402 1306 persequi
429 1222 467 1284 ad
498 1221 629 1284 indolem
654 1233 762 1304 poetae
781 1227 905 1304 ,penitus
933 1233 1168 1306 cognoscendam

102 1330 158 1374 non
180 1310 270 1372 modo
296 1307 452 1372 iucundum
479 1315 508 1370 et
535 1310 609 1371 utile
632 1327 697 1371 esse
723 1311 855 1374 arbitror
880 1311 932 1374 sed
955 1316 1042 1376 etium
1065 1335 1168 1380 neces-

104 1397 223 1460 sarium.
268 1396 320 1458 Sia
348 1396 424 1458 euim
452 1393 565 1456 demum
592 1395 767 1476 scriptorem
794 1398 832 1459 ab
857 1400 1094 1481 obstrepentibus
1120 1404 1168 1467 lo-

103 1485 204 1564 quacis
240 1483 347 1544 turbae
376 1481 563 1562 opinionibus
595 1479 756 1558 defendas,
789 1501 867 1564 quae
899 1494 938 1547 ut
964 1487 1101 1550 arborem
1132 1509 1169 1552 ex

101 1569 264 1642 fructibus,
294 1585 353 1649 quo
379 1585 435 1648 per
461 1583 565 1628 enecas
591 1568 654 1629 uias
683 1576 713 1631 et
739 1568 900 1650 spiramina
925 1589 1029 1634 suoous
1056 1576 1168 1656 ubique

101 1673 203 1719 uersus
230 1652 404 1716 diffunditur
432 1662 461 1716 et
488 1651 678 1733 dispartitur,
705 1654 749 1716 sio
775 1655 930 1737 scriptoris
955 1658 1104 1737 ingenium
1131 1679 1169 1728 ex

103 1741 244 1822 oporibus
273 1741 357 1803 nosci
385 1739 495 1817 oblitu,
523 1756 582 1800 uno
610 1737 824 1819 quodammodo
853 1743 956 1804 obtutu
984 1761 1096 1807 omnem
1123 1747 1173 1810 fa-

61 1846 64 1856 ’
103 1831 176 1890 ciem
198 1827 306 1890 leuiter
326 1841 504 1908 percurrens
525 1825 685 1906 praecocia
708 1836 736 1889 et
763 1827 929 1890 semicruda
952 1829 1065 1892 iudicia
1084 1833 1170 1895 iaeti-

103 1922 162 1989 tat;
188 1911 316 1994 perinde
338 1913 423 1992 quasi
446 1911 535 1973 totius
558 1910 710 1972 cuiusdam
734 1914 833 1994 operis
855 1932 1006 1978 mensuras
1029 1927 1058 1980 ot
1080 1937 1169 1982 ueros
1270 1914 1272 1924 '

80 1991 240 2062 'numeros
269 2000 328 2060 nisi
353 1996 479 2075 singulis
501 1997 655 2077 perpensis
681 2006 763 2060 reete
784 1999 953 2081 intelligere
978 2003 1091 2082 possis,
1118 2013 1171 2070 aut

102 2087 187 2167 qnasi
209 2093 318 2166 poetae
339 2084 453 2146 animus
475 2099 533 2144 non
555 2083 586 2145 in
607 2082 756 2148 leuissimo
779 2103 897 2168 quoque
917 2088 1011 2152 uerbo
1031 2098 1171 2172 tanquam

101 2169 229 2236 articulo
250 2171 333 2235 uirus
356 2178 385 2234 et
403 2186 547 2252 praesens
568 2178 723 2264 appareat.

474 2439 668 2526 capue
708 2443 799 2514 lv.

400 2591 445 2642 De
467 2592 667 2646 inventione
691 2593 884 2661 Propertii.

192 2739 193 2742 ’
207 2736 354 2814 Quoniam
368 2736 472 2818 seripti
491 2737 619 2818 cuiusuis
638 2737 739 2818 operis
758 2737 837 2801 ratio
853 2735 947 2801 tribus
966 2737 1090 2802 mommo
1104 2755 1176 2820 per-

104 2824 184 2887 tibus
206 2824 354 2897 oernitur,
374 2823 610 2899 inventione,
633 2823 914 2906 dispositione,
937 2822 1174 2888 elocutione:

104 2911 180 2973 bane
214 2911 309 2990 ipsam
340 2907 514 2970 divisionem
546 2909 662 2990 optimis
693 2918 723 2973 et
758 2909 968 2990 antiquissimis
1002 2912 1175 2972 auctoribus

103 2997 264 3078 probatam
283 2996 326 3057 ita
345 2995 431 3074 sequi
450 2995 647 3070 sustinuimus,
666 3005 699 3060 ut
718 3005 878 3078 provectae
897 2995 1049 3075 aliquanto
1066 2997 1177 3059 nostris

103 3082 288 3166 temporibus
310 3081 426 3162 pulchri
445 3082 643 3154 aestimationi
664 3098 730 3145 eom
752 3081 1048 3145 accommodaremus.

209 3199 271 3261 lam
293 3200 508 3264 intentioni
529 3199 611 3263 solas
632 3220 682 3265 res
704 3210 734 3265 et
755 3189 857 3264 sensus
879 3201 1050 3273 tribuimus,
1072 3199 1178 3280 quibus

87 3283 180 3366 'quid
204 3294 233 3347 et
261 3285 364 3366 quale,
385 3303 444 3348 non
467 3286 615 3367 quomodo
640 3296 730 3369 poete
751 3280 905 3369 scripserit
927 3293 1079 3369 apparent.
1123 3286 1179 3348 llis

26 3407 27 3448 3
105 3373 184 3434 enim
205 3381 237 3435 ut
258 3389 354 3434 mores
370 3373 552 3452 potissimum
573 3383 603 3437 et
622 3374 772 3452 ingenium
793 3382 968 3448 cernuntur,
989 3373 1032 3435 ita
1052 3371 1191 3452 reliquis·

26 3457 28 3478 *
105 3457 222 3520 duobus
241 3458 401 3537 generibus
421 3477 471 3521 ars
490 3459 606 3522 eminet.
650 3461 824 3540 Quanquam
842 3460 992 3538 ingenium
1009 3459 1083 3521 artis
1103 3457 1178 3520 rude
1198 3459 1199 3463 ’

104 3543 237 3625 plurima
258 3562 295 3606 ue
317 3543 450 3608 inuenire
472 3542 591 3625 quidem
612 3555 693 3608 recte
718 3564 807 3628 posse
828 3563 888 3607 non
908 3547 1098 3624 ignoramus,
1125 3561 1178 3606 ne·

107 3629 177 3691 dum
198 3629 229 3690 in
251 3628 425 3695 adornando
447 3649 497 3692 ars
519 3631 632 3710 ingenii
654 3650 760 3714 expers
783 3632 943 3713 quidquam
962 3631 1070 3693 ualeat.
1114 3629 1178 3692 liae

104 3726 206 3779 autem
229 3726 316 3796 parte
342 3715 434 3778 multa
460 3717 622 3794 contineri,
649 3736 727 3800 quae
752 3719 842 3798 uulgo
870 3717 908 3779 ad
932 3715 1126 3778 elocutionem
1150 3723 1189 3779 et¹

106 3803 273 3865 oratoriam
298 3801 511 3884 supellectilem
534 3803 645 3866 reiecti
674 3804 806 3880 soleant,
833 3820 888 3866 nec
910 3803 942 3864 iu
968 3810 1061 3885 poeta
1086 3818 1178 3881 argu·

106 3897 206 3950 menta
225 3887 269 3949 ita
290 3906 309 3949 a
328 3889 425 3951 formo
449 3890 586 3970 separari
612 3906 719 3972 posse,
745 3899 778 3952 ut
806 3890 861 3951 illa
884 3889 978 3950 solum
998 3889 1178 3961 necessaria,

106 3973 182 4035 liaeo
209 3981 351 4054 tauquam
379 3985 529 4051 ornatum,
558 3985 676 4055 gratum
702 3975 786 4038 illurn
813 3974 945 4056 quidem,
974 3974 1027 4036 sed
1058 3973 1178 4034 aliunde

108 4058 283 4122 arcessitum
311 4059 433 4135 credas,
468 4070 498 4124 et
528 4061 567 4124 ad
595 4062 706 4125 ealoem
731 4063 817 4124 huius
847 4061 953 4142 capitis
984 4069 1012 4122 ot
1040 4058 1179 4139 deinceps

109 4145 334 4207 illustrabimus.
379 4147 491 4210 Tamen
507 4148 578 4228 quia
600 4156 629 4211 et
648 4149 713 4212 usui
731 4148 853 4228 antiquo
874 4163 928 4208 sua
944 4155 989 4208 est
1009 4145 1182 4216 auctoritas,

112 4239 146 4294 et
169 4232 293 4312 partitio
315 4234 505 4296 aratoribus
528 4231 640 4296 tradita
659 4251 724 4296 oum
745 4233 783 4295 ad
805 4243 921 4297 eeteros
945 4249 1033 4305 usus,
1061 4240 1121 4293 tun
1144 4227 1183 4289 ad

111 4316 298 4399 reponendas
322 4333 373 4381 eas
392 4328 504 4400 partes,
526 4338 603 4403 quae
621 4319 660 4384 ad
678 4320 886 4405 meminationes
908 4335 1028 4382 normas
1048 4314 1183 4396 proxirno
