2834 4972
184 287 211 366 6
507 301 700 366 Quaestionum
719 301 802 358 Liber
820 302 931 375 primns.

189 477 245 542 bus
264 477 322 542 loc
342 483 424 542 certe
443 477 598 556 evincitur,
619 485 652 543 ιι
670 477 711 542 in
731 477 879 543 uertice
901 477 1107 560 surgentis
1129 476 1263 555 collis,

124 655 126 672 .
190 582 252 628 nou
274 565 329 630 sub
351 562 504 650 radicibus
532 564 673 650 oppidum
699 566 827 647 positum
852 563 954 628 inerit.
996 561 1072 628 llam
1099 582 1137 628 ex
1164 565 1263 630 altero

173 668 309 720 corum:

328 763 594 834 snnnicntthne
610 764 672 820 nisis
690 757 824 832 consopit
842 767 1086 818 uceticensem
1101 790 1138 804 -

192 869 277 951 siue,
293 868 374 952 qnod
394 857 522 950 optimae
541 871 729 934 membranae
746 877 882 947 tuentur,
902 870 990 940 Asis
1012 888 1123 933 mecum
1144 869 1270 953 probes,

193 959 257 1022 sire
285 955 372 1022 saxi
399 956 486 1021 malis
511 956 561 1020 uel
588 958 691 1020 ercis
714 956 795 1033 (nam
816 957 900 1020 axis
926 957 1062 1058 profecto
1085 957 1171 1020 nihili
1194 955 1266 1034 est),

193 1053 305 1108 ιιιιιιι
327 1043 392 1106 siue
422 1042 511 1105 dubio
536 1051 679 1127 apparet,
708 1060 850 1105 murum
877 1052 930 1122 ant
955 1043 1101 1107 vertici
1127 1043 1265 1106 montis

195 1127 346 1193 cuiusdam
373 1128 592 1212 impositum
620 1148 689 1192 esse
722 1137 791 1204 aut,
823 1125 903 1208 quod
931 1127 1068 1229 equidem
1100 1128 1182 1191 hand
1212 1127 1267 1190 du-

139 1244 141 1250 ¹
193 1216 244 1278 bie
266 1213 426 1298 praefero,
451 1217 562 1278 uertice
588 1233 648 1317 pro
671 1213 855 1297 ablatinoq
875 1197 904 1276 d.
932 1214 1118 1278 instrumenti
1141 1222 1266 1296 accepto

195 1319 333 1364 murum
357 1300 506 1366 uertice
534 1302 672 1365 montis
698 1299 822 1364 cliici.
864 1299 939 1362 Nam
959 1300 1061 1382 prisca
1081 1300 1189 1364 ltaliae
1210 1317 1265 1381 op·

192 1386 292 1470 pida
285 1389 403 1449 summis
423 1387 569 1450 montibus
587 1386 776 1450 inaedificata
795 1385 871 1449 his
861 1387 935 1466 upsis
954 1395 1062 1449 natura
1080 1385 1188 1450 ualidis
1208 1403 1265 1468 pro

194 1472 346 1543 moenibus
378 1473 557 1550 utebantur,
587 1491 674 1556 quum
702 1472 772 1534 loca
806 1473 931 1534 escensis
963 1472 1065 1536 dubia
1082 1481 1147 1536 erte
1176 1491 1267 1554 prae-

195 1559 333 1639 ruptiora
354 1569 457 1622 essent
473 1559 610 1634 reddita,
629 1557 789 1620 humiliora
808 1558 935 1620 molibus
957 1567 1123 1640 exaequata
1144 1566 1174 1622 ιι
1193 1575 1268 1639 pro·

193 1643 372 1745 pugnaculis
389 1646 495 1721 cincta,
514 1662 551 1707 ee
566 1645 701 1724 deniqne,
721 1661 798 1726 quae
815 1645 958 1707 eminente
979 1644 1130 1722 cacumine
1150 1644 1267 1707 ruinam

7 1741 9 1748 “
133 1812 137 1819 Ι
176 1732 415 1806 -ntnitnrcntur,
443 1731 708 1795 substructionibus
737 1730 863 1794 firmata
912 1729 958 1793 Dc
980 1748 1039 1812 quo
1063 1728 1100 1793 cf.
1123 1729 1268 1793 Niebuhr.

193 1816 306 1882 Hister.
319 1815 405 1880 Rom.
419 1813 455 1878 Τ.
468 1815 522 1892 ΙΙΙ,
538 1835 569 1898 p.
583 1819 657 1881 461.
672 1835 737 1898 sqq.
755 1825 785 1880 ct
796 1815 925 1879 Bunscn.
945 1815 977 1877 in
995 1815 1194 1898 descriptione
1208 1817 1269 1880 Ur-

193 1903 241 1966 bis
263 1902 375 1964 Romac
397 1900 435 1964 Τ.
458 1901 488 1976 Ι,
508 1919 539 1983 p.
561 1907 634 1966 136.
655 1919 685 1982 p.
706 1906 780 1968 617.
802 1920 867 1984 sqq.
890 1901 929 1965 Τ.
949 1899 1009 1980 ΙΙΙ,
1035 1920 1067 1984 p.
1089 1905 1141 1966 12.
1164 1911 1194 1966 ιι
1216 1905 1267 1966 13.

192 1987 270 2052 Hinc
292 1986 369 2049 illnd
388 1987 554 2069 Propertii:
573 1988 706 2064 Murus
733 1997 818 2052 erant
839 1995 979 2050 montes
1010 1987 1058 2056 El,
1078 1987 1136 2064 IV,
1155 1991 1193 2064 4,
1216 1990 1269 2053 13.
1359 2021 1361 2024 -

194 2073 243 2137 ct.
266 2072 305 2134 ed
324 2072 373 2138 El.
394 2071 453 2148 lll,
477 2076 535 2149 16,
556 2078 587 2138 3.
606 2073 659 2152 IV,
679 2079 708 2151 l,
731 2077 803 2140 125.
845 2074 923 2138 ilinc
944 2090 1048 2152 arces,
1070 2089 1129 2154 quo
1150 2075 1269 2137 nominc

193 2158 317 2240 proprie
333 2167 447 2238 montes
465 2159 629 2240 significari
647 2161 830 2229 notissimum
847 2170 893 2225 cst
910 2157 1133 2241 (cf.Prnp.111,
1148 2162 1199 2236 16,
1214 2161 1267 2223 27.

192 2229 419 2308 ormencnrcl.
443 2244 483 2308 ad
504 2245 561 2309 Sil.
583 2245 650 2308 Ital.
666 2246 737 2324 XV,
759 2243 865 2324 305.,)
891 2261 948 2328 pro
967 2244 1086 2326 oppidis
1107 2246 1269 2308 montibus-

194 2349 253 2410 que
273 2347 309 2392 eo
328 2329 415 2395 modo
435 2331 553 2394 monitis
575 2330 712 2412 dicuntur
727 2332 853 2409 (Lucan.
868 2331 973 2394 Phars.
986 2329 1039 2407 lll,
1053 2333 1105 2396 83.
1134 2330 1270 2396 luvenal.

193 2414 350 2491 111,193
369 2416 457 2495 XIV,
476 2418 529 2481 87.
555 2403 611 2482 Sil.
633 2416 702 2481 Ital.
720 2417 794 2493 XII,
814 2419 889 2482 608.
918 2417 1004 2496 Virg.
1028 2415 1081 2483 Ge.
1101 2415 1148 2493 ll,
1168 2417 1271 2494 534.,)

193 2501 263 2564 binc
284 2519 354 2564 arx
368 2501 607 2583 Capitolium
629 2503 773 2582 (Bunsen.
794 2502 816 2566 l.
831 2502 878 2583 1.‚)
899 2501 969 2578 binc
991 2503 1072 2584 quod
1092 2503 1271 2585 interpretes

193 2587 260 2650 Iera
281 2587 361 2667 iugnt
379 2587 498 2652 Horatnr
524 2605 661 2654 sacrae
681 2606 788 2654 arces
808 2589 881 2666 (ild
903 2588 937 2666 l,
957 2593 993 2664 2,
1016 2587 1077 2666 3.),
1096 2590 1167 2652 lunc
1188 2589 1272 2651 deur
1316 2590 1324 2604 ¹

194 2691 252 2754 que
274 2672 482 2757 Propertius
472 2693 540 2758 upsa
551 2675 737 2776 oppidorum
758 2677 949 2749 munimenta,
977 2674 1080 2754 qualia
1101 2673 1189 2736 nnodo
1216 2673 1270 2736 de-

194 2758 376 2908 scriplsinnus,
397 2759 480 2826 nullo
502 2761 562 2826 nisi
580 2761 707 2858 nominis
730 2760 899 2828 discrimine
921 2759 958 2840 (l.
975 2759 998 2824 l.
1020 2777 1050 2824 ι.
1067 2761 1134 2840 65.)
1159 2777 1273 2824 murum

195 2846 344 2928 appelait

364 2959 579 3027 scandentes
597 2961 696 3030 etquis
711 2967 798 3014 cerosi
815 2959 848 3012 dc
864 2956 978 3012 naudus
996 2973 1110 3026 ncces,
1161 3014 1164 3022 ,

402 3031 515 3096 ispanio
521 3045 634 3084 ιιιιιιιιιι
652 3031 771 3083 aestimet
788 3029 834 3081 ille
851 3043 932 3084 meos.

138 3151 140 3155 ’
194 3132 271 3198 llam
296 3139 330 3197 ut
362 3150 476 3198 arces
503 3151 616 3197 murum
647 3132 866 3199 lateritium
893 3140 923 3197 ιι
954 3133 987 3197 in
1020 3133 1113 3216 plnuo
1141 3085 1272 3200 erectum

195 3217 367 3300 significare
388 3235 479 3300 posse
500 3219 624 3285 Alberto
646 3219 872 3290 concedam-
829 3237 1069 3302 *quamquam
1091 3239 1150 3303 qun
1172 3240 1274 3286 exem·

193 3305 245 3388 plo
264 3315 330 3373 enin
350 3323 435 3368 usum
456 3303 613 3368 defendam
635 3324 696 3369 uon
718 3305 833 3382 bsbco;
854 3305 893 3370 cl.
912 3316 1065 3372 comment.
1088 3308 1171 3374 ade.
1182 3308 1205 3372 l.
1218 3343 1273 3386 -,

166 3433 170 3439 ,
196 3400 296 3455 tamen
318 3392 458 3473 quoniam
480 3393 636 3473 superiora
657 3393 726 3458 loco
749 3390 941 3456 scandens
969 3394 1033 3458 sire
1056 3412 1187 3466 saxum
1209 3395 1273 3458 siro

195 3479 283 3542 Asis
317 3477 376 3539 nisi
409 3476 446 3540 dc
473 3477 579 3540 montis
604 3478 676 3558 ingo
704 3479 802 3560 accipi
825 3495 886 3542 non
911 3487 1047 3560 poterat,
1074 3481 1123 3544 lic
1152 3497 1272 3562 qnoque

195 3571 229 3626 nt
263 3563 395 3629 ciusdem
428 3563 581 3646 participii
613 3563 645 3625 in
676 3563 781 3630 cadem
812 3581 848 3627 re
881 3567 973 3646 positi
1009 3563 1112 3630 eadem
1147 3568 1187 3631 sit
1218 3583 1273 3630 uo-

164 3705 165 3708 ,
192 3647 293 3713 luntas
329 3649 501 3713 necessario
532 3649 676 3731 sequitur.
728 3649 822 3732 Atqui
854 3667 919 3716 curn
956 3651 1171 3716 scandendi
1205 3669 1275 3716 rer-

192 3735 263 3800 burn
285 3733 323 3798 ds
347 3743 445 3799 monte
464 3753 520 3818 per
540 3734 653 3816 gradus
675 3753 743 3799 scse
765 3736 928 3801 extollente
949 3738 1058 3840 optime
1079 3738 1138 3801 dini
1159 3746 1273 3821 pateat,

193 3821 226 3884 in
244 3838 345 3887 muros
368 3819 408 3885 ad
429 3821 675 3904 perpendiculum
696 3821 818 3886 eductos
839 3823 918 3886 idern
939 3824 1056 3887 minino
1078 3823 1169 3888 cadit.
1212 3825 1275 3888 lta-

194 3924 253 4008 que
280 3907 329 3970 bic
355 3925 474 3992 quoque
501 3907 738 3974 scandentes
767 3923 881 3972 urceo
908 3926 969 3972 uon
990 3925 1091 3972 muros
1111 3911 1274 3976 Meuaniae

195 3994 443 4074 interpretemur,
471 4013 566 4078 quae,
595 3995 622 4057 si
653 4013 713 4078 qua
734 3994 857 4058 Alberto
879 4002 925 4058 est
954 3992 1046 4072 fides,
1074 3996 1146 4060 olim
1164 4015 1185 4059 a
1205 3997 1275 4077 ripa

174 4077 336 4150 ,Clitumni
362 4097 478 4144 sursum
500 4081 654 4164 aliquanto
678 4079 818 4144 adlatus
844 4081 964 4146 collium
988 4081 1176 4163 pertinebant
1196 4081 1232 4160 (l.
1250 4081 1273 4146 l.

194 4182 225 4248 p.
244 4168 332 4244 131.)
353 4197 398 4214 -
422 4165 477 4230 sed
504 4185 563 4246 ea,
592 4166 762 4250 dequibus
791 4184 884 4250 supra
911 4168 1117 4248 exposuimus,
1147 4176 1273 4232 naturae

194 4252 384 4322 munimenta.
431 4247 518 4320 Unda
547 4252 635 4320 simul
663 4255 803 4324 Arnum
830 4271 871 4318 ex
903 4251 1032 4318 aduersa
1060 4254 1181 4318 'liberis
1206 4254 1277 4336 ripa
