2762 4972
295 371 384 442 Caput
400 369 449 428 IV.
482 370 525 426 De
542 371 696 428 inventione
712 370 856 442 Propertii.
1060 359 1113 436 '77

61 545 153 626 figuras
178 541 408 606 recensebimus.
451 542 528 607 Nam
550 560 588 605 ne
614 543 680 624 quis
706 544 755 608 bic
777 542 930 628 Cupidinis
955 545 1114 626 imaginem

63 634 181 705 obiiciat,
217 630 298 691 caius
332 646 445 691 omnem
474 629 704 710 descriptionem
734 643 903 696 accuratam
931 643 960 696 ct
990 634 1112 696 tabulae

63 715 255 800 quodammodo
278 715 551 795 interpretationem
573 716 620 778 El.
641 717 686 792 ll,
710 722 760 781 12.
784 720 930 782 continet:
953 719 1036 782 aliud
1058 728 1114 796 est,
1146 751 1151 769 ·

64 805 212 884 generalem
235 800 381 882 quandam
402 803 551 864 notionem
580 802 611 862 im
638 803 796 883 imaginem
825 803 863 867 ad
890 805 921 868 id
948 807 1042 886 ipsum
1067 806 1114 868 in·

63 901 157 954 rectam
177 889 377 968 compingere,
395 889 477 948 cuius
498 887 671 952 sententiam
693 891 750 952 5757
771 891 857 954 777575
877 893 1043 972 subscripto
1064 891 1113 954 uix

65 979 214 1039 conlectura
236 974 424 1053 assequaris,
446 974 527 1035 aliud
551 973 601 1034 dei
621 992 795 1056 personam,
822 995 898 1059 qnae
920 978 1008 1040 uitam
1030 995 1113 1039 suam

63 1065 107 1124 lab
110 1072 136 1125 57
166 1070 195 1123 57
226 1061 398 1135 historiam,
433 1061 575 1140 cuiusque
597 1061 708 1160 imago
739 1063 769 1123 75
805 1064 930 1125 omnium
966 1064 1113 1126 mentibus

65 1150 184 1222 baereat,
206 1148 249 1208 ita
272 1144 458 1221 describere,
480 1155 512 1208 ut
534 1145 689 1226 tuiipsius
712 1147 926 1249 quodammodo
949 1150 1038 1211 animi
1060 1167 1114 1211 aa·

66 1244 141 1297 757557
159 1235 189 1294 75
211 1233 295 1316 777755
317 1231 396 1294 55775
416 1232 569 1294 5777577775
589 1242 710 1295 externo
730 1237 884 1316 repetitam
905 1235 1037 1298 75755775
1058 1235 1116 1296 77777

65 1303 292 1384 accurrentes
315 1317 458 1380 dissimile
481 1317 612 1397 idyllium
633 1319 724 1393 illud,
753 1338 812 1402 qno
838 1329 930 1402 poeta
951 1341 970 1383 a
992 1320 1116 1401 Cupidi-

65 1408 132 1468 nibus
150 1407 277 1468 uinctum
299 1404 337 1465 acl
360 1403 507 1466 dominam
531 1403 686 1467 deductum
711 1423 743 1466 se
765 1406 851 1486 tingit
872 1405 932 1483 (ll,
956 1407 1040 1486 ab),
1062 1413 1115 1469 ant

66 1493 187 1554 somnium
210 1491 278 1568 (ll,
293 1491 376 1568 aa),
400 1508 458 1571 quo
478 1491 631 1569 Gyrrtbiam
651 1491 810 1572 caulragic
830 1495 993 1573 proximam
1013 1509 1035 1554 a
1051 1491 1117 1554 del·

66 1582 137 1659 57755
155 1580 310 1642 Musarum
331 1578 425 1638 amico
449 1587 602 1651 seruatam,
624 1585 762 1640 utonem
784 1578 880 1640 fidelis
904 1597 977 1660 erga
997 1589 1117 1660 poetam
1235 1631 1239 1634 .

66 1667 156 1726 amoris
177 1663 303 1744 accipit;
326 1671 377 1725 aut
398 1662 472 1725 illud
489 1663 627 1742 (111,s.),
647 1664 699 1724 ubi
720 1667 821 1745 poesis
844 1666 999 1745 elegiacon
1021 1665 1117 1727 sacris

66 1752 94 1812 ab
120 1753 182 1832 ipsa
211 1749 352 1830 Galliopa
383 1749 528 1812 initiatur.
584 1749 712 1811 Primum
745 1753 822 1813 euim
856 1769 914 1813 555
944 1770 963 1812 5
994 1751 1115 1813 557775

67 1837 171 1898 555575
200 1845 231 1898 57
259 1834 396 1916 557557775
418 1844 550 1896 remotae
576 1844 606 1897 ct
634 1835 850 1915 quodammodo
873 1839 1041 1899 abstractae
1062 1853 1118 1898 55-

67 1924 144 1985 tiones
165 1920 312 1984 57555577
339 1922 439 1999 gratia
465 1930 694 2001 componuntur,
723 1922 774 1984 5577
802 1923 1026 2004 755755555755
1046 1940 1117 2003 pec-

68 2027 126 2070 5555
149 2026 205 2070 555
237 2007 422 2069 dissimulata
450 2008 558 2087 ubique
587 2007 673 2069 adest
701 2017 730 2070 et
758 2010 939 2090 conspicitur
973 2018 1002 2071 et
1026 2011 1117 2071 uitam

68 2096 140 2156 rebus
168 2095 321 2156 arcessitis
350 2093 464 2155 tribuit.
516 2093 645 2166 Deinde,
676 2097 806 2173 quamuis
834 2097 888 2171 iis,
921 2113 997 2176 quae
1018 2095 1119 2157 uerbis

69 2181 264 2259 significantur,
287 2181 350 2240 alia
372 2181 461 2242 etiam
482 2179 582 2241 subest
600 2181 755 2256 sententia,
777 2190 873 2243 tameo
894 2179 966 2242 illae
987 2182 1122 2259 imagun-

69 2267 137 2328 culae
156 2284 213 2328 ccn
237 2283 330 2328 75555
351 2274 417 2326 suut
439 2273 468 2327 et
490 2283 654 2344 exsangues
677 2265 807 2344 figurae,
829 2265 882 2329 sed
905 2285 982 2347 quae
1003 2275 1123 2328 saucto-

68 2371 118 2414 rum
136 2353 316 2414 scmnicrum
339 2360 369 2413 57
389 2350 510 2413 deorum
531 2351 738 2414 immortalium
760 2353 818 2416 fide
839 2354 913 2417 satis
936 2353 1055 2416 75775775
1076 2360 1122 2412 57-

70 2456 113 2518 que
138 2455 294 2502 neruorum
325 2438 482 2518 accipiant.
531 2436 564 2498 lrl
594 2437 673 2517 quod
704 2440 800 2518 magis
830 2441 917 2502 etiam
947 2438 984 2500 de
1015 2437 1121 2500 inieris

69 2526 141 2600 ualet,
160 2524 241 2606 apud
264 2541 337 2604 quos
361 2533 424 2587 tcta
446 2523 545 2601 agitur
566 2523 681 2598 Et1v,
703 2528 771 2599 ll.;
795 2525 833 2586 cl.
856 2526 894 2600 ll,
916 2527 966 2600 28,
987 2527 1036 2588 25.
1055 2541 1121 2604 sqq.

69 2614 108 2672 37.
133 2631 194 2692 sqq.
228 2609 288 2683 777,
319 2611 357 2683 5,
390 2613 439 2672 75.
469 2627 533 2689 sqq.
562 2607 619 2683 IV,
647 2615 694 2685 7.,
722 2611 864 2691 imprimis
893 2630 938 2673 77.
961 2613 1124 2684 {ab-70..

69 2696 215 2776 inquibus
250 2696 419 2775 allegoriae
453 2713 490 2756 55
521 2695 675 2773 uestigium
704 2697 832 2775 quidem.
882 2697 957 2759 Nam
988 2698 1042 2758 bas
1074 2714 1125 2757 755

70 2799 169 2857 55555,
197 2781 475 2870 quamuisdubias,
501 2788 679 2842 tamennon
705 2792 801 2844 557755
824 2799 920 2860 ungas
949 2783 1007 2845 sibi
1027 2781 1125 2845 rideri

69 2866 105 2929 bl.
122 2869 176 2943 lll,
197 2874 237 2942 5,
261 2873 312 2931 39.
335 2886 399 2948 sqq.
423 2865 518 2929 docet.
570 2867 674 2947 ltaque
702 2868 780 2930 75755
810 2869 986 2946 allegoriam
1017 2867 1124 2930 credas

70 2953 107 3016 El.
125 2956 174 3031 lll,
198 2959 250 3017 17.
273 2953 457 3032 dithyrambo
481 2951 613 3014 similem.
659 2953 840 3036 Quicmquam
862 2971 919 3016 555
943 2952 1126 3016 diffitendum

72 3049 120 3116 557,
145 3059 203 3122 quo
225 3042 321 3119 magis
348 3041 471 3120 antiqua
494 3039 672 3118 religionum
694 3040 767 3102 fides
795 3041 963 3117 evanuerit,
991 3057 1027 3103 55
1050 3041 1127 3103 77555

71 3125 175 3206 lougius
205 3145 224 3190 a
250 3127 376 3189 ueritate
401 3124 554 3188 'recedere
584 3127 751 3207 sensimque
780 3127 811 3188 in
840 3146 918 3191 uana
947 3128 1067 3188 nomina
1098 3133 1129 3188 et

71 3210 209 3277 doctrinae
232 3214 458 3294 ostentationem
480 3213 574 3274 abire.
619 3213 758 3277 Profecto
779 3214 855 3276 cuim
872 3213 934 3276 alia
951 3214 981 3275 77
997 3213 1129 3275 llcme-

71 3317 121 3360 rus
137 3302 254 3364 Musam
270 3301 397 3373 inuocat,
415 3298 476 3359 5775
491 3298 722 3378 Propertius.
767 3299 828 3362 Sed
846 3300 1063 3364 excusationem
1081 3295 1131 3360 uel

70 3383 94 3445 li
112 3389 293 3450 recentiores
314 3395 344 3447 57
365 3386 496 3447 75775555
517 3384 636 3446 laudem
658 3385 726 3447 inda
747 3386 872 3461 babent,
899 3385 979 3467 quod
997 3395 1130 3448 ueterum

70 3469 235 3536 7775577555
258 3471 503 3534 555777557575577
526 3489 571 3544 55,
595 3487 672 3551 quae
692 3473 780 3534 turba
801 3474 929 3553 prolana
949 3474 1008 3533 7557
1030 3480 1062 3534 57
1082 3469 1130 3530 75-

70 3555 143 3620 75755
165 3577 309 3639 55575575
330 3558 455 3631 solebat,
476 3557 602 3638 pristina
622 3558 733 3638 pietate
755 3559 856 3622 colere
875 3559 933 3622 uisi
955 3565 1030 3620 sumt.
1074 3555 1132 3618 Ge-

70 3649 149 3705 75775
170 3645 340 3725 allegoriae
367 3661 461 3723 genus
482 3641 561 3706 istud
584 3642 713 3704 deterius
735 3645 766 3706 ic
791 3645 876 3724 poesi
896 3645 1019 3725 aequius
1042 3659 1131 3722 (57575

70 3727 95 3788 75
113 3732 237 3793 aliorum
259 3730 403 3794 artificum
421 3731 561 3810 operibus
584 3729 725 3806 tolerari,
746 3749 805 3792 non
826 3733 871 3794 ita
890 3731 1012 3793 remotis
1033 3729 1131 3790 causis
1238 3747 1242 3758 ’

71 3819 247 3898 perspicitur.
291 3817 367 3878 Tum
387 3825 484 3878 actem
506 3815 630 3877 maxime
653 3817 873 3892 excusabimus,
896 3817 1063 3878 commotio
1087 3831 1134 3891 55,

73 3903 193 3967 culcita
218 3912 248 3966 et
274 3920 404 3983 5575555
426 3903 582 3976 tribuitur,
609 3918 667 3963 555
691 3902 757 3966 5575
779 3912 809 3964 57
834 3902 915 3965 auda
937 3912 982 3966 est
1003 3900 1133 3982 qualitas

72 3988 124 4062 rei,
151 3988 205 4052 secl
231 3991 391 4069 generis
419 3987 508 4050 modo
529 3989 760 4050 communionem
782 3987 831 4050 uel
853 3988 930 4051 adeo
952 4006 1039 4051 unam
1061 4005 1135 4061 rem,

73 4073 225 4154 complures
247 4085 344 4137 tamen
371 4084 471 4154 partes
495 4073 700 4154 complexam,
723 4076 862 4156 pertinet.
905 4076 1016 4138 Leuius
1039 4074 1135 4151 igitur

73 4173 98 4217 1n
116 4161 288 4235 collectura
310 4162 390 4241 qnccl
413 4161 530 4235 dicunt,
551 4161 668 4222 5557755
690 4160 840 4236 damnum,
861 4171 890 4225 et
911 4179 976 4222 cum
997 4159 1137 4221 Liber·
1181 4235 1183 4238 ι

73 4248 176 4309 75755
205 4248 427 4310 concionantem
455 4263 515 4308 555
547 4245 645 4322 75755,
674 4246 846 4310 Patriam
875 4257 972 4311 tecum
1001 4252 1136 4323 agentem

72 4330 164 4397 audire
196 4334 363 4397 sustinebis.
414 4333 491 4396 llimc
523 4341 620 4395 autem
652 4333 794 4396 transitus
824 4343 950 4417 paratur
981 4325 1136 4429 acl-alind
