2806 4974
254 305 332 404 240
457 369 461 376 .
589 319 880 380 QuaestionnmLiber
895 320 1000 376 tertius.

255 505 337 580 runt,
360 515 397 563 ex
418 495 522 561 codice
544 497 668 578 antiqno
694 497 832 579 profecta
855 515 921 560 esse
946 497 1158 572 existimemus,
1185 512 1245 560 cun
1264 496 1302 560 di·

252 603 356 659 tersa,
378 603 465 664 quam
487 603 577 663 supra
600 602 664 646 eum
685 594 814 646 secuntum
837 601 902 646 esse
923 584 1063 661 uidimus,
1085 584 1162 646 ratio
1187 583 1303 664 impedit,

253 679 328 744 tum,
363 670 441 749 quud
478 670 638 744 interdum,
670 670 802 750 quamuis
836 687 923 744 raro,
954 679 987 731 nt
1013 669 1062 744 lV,
1091 671 1197 744 1,73.
1224 675 1257 744 d,
1277 674 1302 732 3.

254 761 283 829 7,
304 760 354 818 72.
378 761 414 830 9,
435 758 465 818 8.
488 765 636 835 receptam
661 773 677 816 e
698 755 802 816 codice
831 773 895 816 esse
917 765 1118 817 correcturum
1140 755 1204 834 ipse
1231 755 1302 816 testis

253 849 307 904 est.
350 841 470 902 Maiore
491 850 594 905 contra
614 841 743 906 fortasse
764 840 829 902 iure
851 859 888 908 ex
909 841 1028 903 silentio
1048 840 1149 902 Pnucii
1172 839 1325 903 conicere

250 943 340 1006 posse
370 928 423 988 tibi
451 926 598 1000 ridearis,
629 936 658 988 ut
690 927 780 988 editio
807 926 883 1005 ch,
910 943 973 988 cnm
1008 925 1110 987 codice
1138 925 1303 986 Bernaudini

248 1011 355 1076 Vallae
377 1013 534 1092 conspiret.
577 1013 651 1075 Nam
670 1019 699 1073 et
720 1012 969 1074 accuratissimum
989 1011 1020 1072 in
1041 1010 1303 1087 emundandorum·

251 1100 326 1159 cium
354 1099 494 1172 uidimus,
524 1106 556 1158 'et
587 1097 625 1160 ad
653 1116 779 1176 unguem
809 1099 907 1158 omnia
934 1098 1047 1159 collata
1076 1115 1142 1158 esse
1167 1097 1302 1160 Victorius

248 1191 382 1245 testatur.
426 1183 588 1245 Praeterea
616 1185 680 1264 ipse
701 1184 825 1246 Puccins
852 1184 967 1264 aliquot
988 1184 1077 1257 locis,
1107 1183 1159 1244 uhi
1187 1183 1302 1244 aliorum

248 1269 409 1351 conatibus
431 1270 641 1331 nccuurcudnnn
671 1287 736 1332 esse
764 1278 878 1344 censet,
906 1271 937 1331 in
953 1268 1102 1348 Regiensi
1130 1266 1307 1330 defendenda

249 1354 287 1416 ad
312 1357 460 1434 antiquum
487 1355 618 1418 codicem
642 1363 798 1433 prouocat,
822 1355 972 1434 at11,1,
994 1359 1046 1418 47.
1090 1355 1155 1416 Huc
1177 1353 1250 1414 adde
1269 1353 1302 1428 ll,

250 1444 307 1514 13,
332 1445 359 1503 l.
402 1440 463 1502 Sed
485 1443 623 1521 qnoniam
650 1443 697 1502 lric
722 1460 759 1503 ne
781 1443 956 1504 acutissimis
979 1440 1097 1520 quidem
1124 1441 1217 1502 oculis
1238 1439 1322 1500 fides-

246 1525 415 1589 indubitata
443 1535 504 1602 est,
531 1528 656 1590 Poenius
685 1545 757 1590 uero
788 1545 825 1588 ex
851 1544 905 1588 suo
935 1527 1037 1588 codice
1065 1524 1207 1588 lectiones
1234 1525 1302 1586 omni

247 1629 336 1672 seusu
363 1623 505 1674 carentes·
526 1621 584 1674 tam
613 1630 683 1674 raro
712 1613 836 1694 protulit
864 1612 1126 1690 (a111,32,35.
1155 1615 1213 1686 34,
1234 1611 1302 1690 aa),

246 1716 332 1778 quarn
355 1701 384 1758 lu
409 1699 490 1760 nullo
519 1699 596 1760 libro
620 1717 671 1760 ms.
695 1717 819 1779 unquam
848 1699 1050 1771 inueniuntur,
1078 1698 1116 1756 ab
1141 1699 1197 1758 lonc
1224 1707 1301 1777 parte
1364 1741 1367 1750 2

246 1785 318 1845 satis
342 1792 418 1844 tortos
443 1801 508 1846 esse
535 1802 588 1845 nos
615 1801 797 1864 nequaquam
819 1786 961 1864 sequitur.
1006 1785 1110 1862 ltaque
1135 1784 1226 1844 omnis
1249 1781 1302 1842 dis-

246 1870 366 1950 quisitio
390 1887 425 1931 eo
447 1870 526 1944 abit,
547 1880 579 1933 ut
601 1873 749 1950 excerptis
770 1870 925 1931 Paccianis
953 1869 1127 1931 itatantum
1149 1869 1234 1930 fidem
1254 1869 1301 1930 lra-

245 1955 376 2028 beamus,
398 1956 424 2016 si
447 1955 565 2017 disertis
587 1957 685 2018 uerbis
709 1975 745 2018 ex
766 1956 887 2036 antiquo
910 1955 1014 2018 codiee
1035 1957 1141 2016 hausta
1164 1955 1300 2016 dicantur.

245 2040 329 2116 Quae
358 2043 483 2102 omnium
512 2042 743 2104 emendationum
769 2042 896 2102 mondoum
918 2041 1031 2102 decima
1057 2059 1128 2122 pars
1154 2051 1207 2103 est.
1249 2041 1301 2103 Ne-

245 2144 301 2206 que
323 2127 418 2204 igitnr
443 2127 552 2188 uosxin
582 2146 681 2189 earum
703 2127 901 2206 descriptione
928 2137 987 2189 tam
1010 2125 1060 2187 diu
1083 2129 1194 2187 morari
1223 2125 1301 2186 susti*

242 2213 414 2294 misissemus,
437 2214 494 2273 nisi
516 2213 561 2274 his
578 2213 689 2274 demum
705 2216 831 2291 cognitis
848 2213 884 2275 de
902 2213 1063 2292 exemplari
1083 2212 1301 2285 Perceiana,

244 2297 323 2377 quod
345 2316 364 2358 a
384 2298 551 2360 Burmanno
574 2308 603 2360 et
621 2299 807 2360 Brouklrusio
829 2299 907 2360 inter
928 2317 1056 2377 genuinas
1081 2298 1200 2360 criticas
1223 2297 1300 2360 lundi-

243 2391 319 2456 tum,¹
341 2385 529 2445 Lachmanuo
545 2394 579 2446 'et
599 2386 709 2446 Iacobo
732 2403 806 2465 prae
829 2386 922 2464 copiis
952 2385 1012 2446 illis
1033 2384 1188 2445 Puccianis
1214 2401 1301 2464 paene

242 2469 365 2530 sordere
384 2469 548 2545 uidebatur,
566 2472 663 2533 verius
683 2473 788 2533 liceret
809 2470 952 2532 iudicare.
996 2470 1071 2532 Nam
1086 2470 1190 2530 Puccii
1213 2487 1301 2530 enen-

244 2553 411 2616 dationibus
433 2556 584 2617 Perreium
606 2576 687 2618 usum
712 2575 777 2618 esse
802 2558 918 2637 ipsein
943 2555 1158 2635 subscriptione
1181 2555 1301 2616 Aldinae

242 2659 268 2702 a.
284 2643 375 2702 1515.
390 2649 521 2704 testatur.
553 2635 667 2704 Passim
682 2652 840 2723 praeterea
854 2643 883 2703 in
899 2643 1030 2720 margine
1045 2643 1108 2702 eius
1123 2642 1197 2703 libri
1208 2639 1302 2704 Puccii

240 2728 368 2788 meminit
392 2728 514 2807 eiusque
539 2728 799 2808 interpretationes
820 2728 907 2789 ruodo
927 2729 1104 2802 accuratius,
1126 2726 1216 2789 modo
1236 2744 1301 2788 con-

239 2815 362 2874 tractius
384 2812 500 2890 reddit,
522 2832 593 2875 raro
617 2815 653 2876 de
676 2833 730 2874 suo
751 2831 805 2876 nec
828 2816 870 2876 ita
891 2813 981 2876 multa
1001 2813 1094 2876 addit.
1137 2814 1220 2875 Haec
1241 2813 1300 2892 qni-

240 2897 304 2958 dem
331 2900 375 2972 is,
405 2918 489 2979 quem
512 2919 580 2962 rere
600 2900 752 2962 Petreium
776 2918 962 2962 assemanus
988 2899 1054 2978 ipsa
1076 2899 1188 2978 prodit.
1233 2897 1299 2959 Nam

237 2994 319 3046 recte
348 2985 552 3046 Lachmannus
581 2984 691 3066 (praef.
719 2987 788 3048 edit.
817 2987 918 3047 Iacob.
947 3004 976 3065 p.
999 2983 1094 3064 XVI.)
1124 2985 1299 3060 „Perreimu

239 3087 299 3131 non¹
321 3088 379 3131 uno
401 3073 498 3132 omnnia
521 3081 652 3152 tempore
675 3071 896 3152 adscripsisse“
920 3071 1081 3144 existimat,
1103 3080 1133 3132 et
1152 3072 1223 3145 „ita
1243 3069 1299 3130 dis·

239 3156 363 3228 similem
391 3175 456 3218 esse
483 3159 685 3237 scriptionem,
705 3170 739 3226 ,ut
765 3158 873 3237 aliquis
896 3155 969 3217 duas
985 3157 1093 3230 etiam,
1118 3158 1178 3217 nisi
1204 3157 1298 3237 plures

238 3260 341 3303 maurus
372 3259 537 3320 agnoscere
565 3245 686 3322 possit“
712 3243 832 3306 iudicat.
877 3243 963 3318 Quod
991 3251 1086 3303 autem
1114 3242 1216 3315 addit,
1244 3242 1299 3302 sin-

238 3327 311 3404 gula
330 3345 466 3406 quaeque
489 3345 507 3387 a
529 3346 587 3405 qua
609 3347 695 3388 mauu
718 3327 867 3409 descripta
888 3330 961 3402 siut,
981 3346 1039 3388 non
1062 3328 1153 3389 lucile
1176 3329 1251 3388 dici:
1272 3328 1299 3386 iu

205 3413 213 3430 '
235 3412 394 3491 Propertio
416 3420 496 3473 certe
518 3429 577 3472 uon
596 3414 729 3491 equidem
750 3433 872 3494 prorsus
893 3414 1049 3475 assentior.
1093 3415 1170 3476 Nam
1193 3423 1222 3474 et
1242 3422 1299 3474 tres

236 3499 353 3559 omnino
384 3514 485 3556 manuus
514 3495 592 3556 lraud
623 3501 666 3560 ita
697 3498 855 3562 difficulter
884 3499 1052 3573 discernas,
1083 3507 1113 3560 et
1144 3497 1298 3560 dummodo

236 3583 389 3645 ceorlorum
413 3581 507 3642 aciem
530 3581 690 3656 identidem
710 3586 859 3659 intendas,
889 3585 1006 3664 singula
1031 3585 1140 3665 ubique
1162 3595 1246 3648 recte
1270 3591 1299 3644 ut

235 3667 413 3739 distribuas,
445 3667 494 3728 rix
521 3669 680 3731 uerendum
711 3681 763 3733 est.
813 3672 888 3741 Nam
917 3676 970 3748 ea,
1004 3689 1089 3752 quam
1121 3680 1205 3733 certo
1236 3685 1298 3732 csse

234 3752 351 3814 Perreii
381 3756 495 3812 manum
525 3770 630 3816 nomen
660 3757 853 3838 subscriptum
880 3765 1020 3831 testatur,
1049 3758 1154 3818 ltreres
1183 3752 1300 3818 exhibet

236 3844 266 3899 et
292 3835 434 3898 rotundos
460 3845 489 3898 et
514 3856 607 3917 paene
631 3843 756 3922 pingues
782 3840 1008 3926 χαρακτῆρας,
1034 3843 1066 3903 in
1093 3844 1199 3922 primis
1225 3843 1298 3904 Pro·
1378 3869 1379 3894 i

235 3922 326 4002 pertii
351 3920 438 3982 libris
459 3931 622 3988 atramento
645 3930 717 3990 satis
740 3927 842 4005 nigro,
863 3929 894 3988 in
915 3929 1017 3989 ultimo
1040 3928 1118 3989 libro
1143 3927 1298 3990 11111Τί-

235 4005 318 4068 lnullo
341 4015 436 4066 antem
462 4011 595 4084 subrufo,
638 4013 743 4076 Altera
765 4031 865 4074 manns
885 4014 994 4075 litteris
1014 4013 1182 4094 procerulis
1207 4022 1236 4073 et
1256 4021 1296 4073 te-

232 4090 353 4166 nuibus,
381 4090 433 4151 sed
462 4103 543 4156 certo
569 4097 682 4158 calamo
709 4098 818 4173 duretis,
847 4103 1010 4162 atramento
1033 4101 1071 4160 ob
1095 4100 1296 4180 antiquitatem

230 4175 327 4236 lusco.
380 4175 484 4240 Tertia
514 4179 640 4261 denique
672 4184 798 4258 minuta,
829 4185 970 4263 gracilis,
998 4185 1186 4259 inconstans,
1219 4192 1296 4246 atra·

160 4277 162 4281 ·
232 4271 330 4324 mento
358 4261 483 4342 pallido.
525 4266 608 4332 Hanc
628 4268 744 4332 Perreii
772 4284 831 4332 uon
858 4287 925 4334 esse
951 4269 1095 4336 fucillim
1119 4278 1218 4354 putem
1245 4282 1296 4331 uec
