2762 4972
187 327 273 398 capnt
291 325 325 379 V.
359 324 402 378 De
421 321 594 392 dispositione
612 320 758 376 carminum
776 325 1022 394 Propertianornm.
1090 309 1142 386 93

84 496 202 560 carmina
223 493 344 558 efficere
365 495 510 559 ridentur.
548 496 628 566 Nam
653 497 739 560 sicuti
766 497 904 578 corporis
929 499 1060 562 membra
1080 508 1141 562 tutu

83 585 184 646 denum
210 581 337 660 figuram
366 582 495 646 efficient
522 590 552 644 et
584 582 622 647 ad
650 601 720 645 usru
749 600 848 645 omnes
877 585 1015 646 mobilem
1043 594 1072 648 et
1097 577 1139 649 ad

85 671 198 750 speciem
220 686 279 729 non
301 667 488 743 indecoram,
509 685 575 730 crim
596 686 654 730 uon
676 677 743 730 snm
763 667 919 745 contiuua,
944 687 999 732 uec
1020 670 1141 734 llaeda

84 758 183 818 luorum
211 771 334 835 operum
360 755 456 817 instar
482 765 624 836 porrecta
650 757 765 834 rigent,
793 754 878 818 sad
869 774 900 816 ιιι
923 757 1065 819 articulos
1087 758 1141 818 mi·

85 853 157 904 nutes
187 842 282 903 incisa
312 849 341 903 et
373 841 490 902 diverse
523 840 667 902 inclinata
701 841 791 902 totius
823 839 937 904 formae
969 853 1142 906 concentum

86 931 141 1010 ipsa
164 929 308 990 varietate
334 927 461 990 reddunt
488 925 755 1001 admirabiliorem,
783 926 887 990 eodem
907 927 996 990 modo
1019 948 1142 1010 poema-

87 1024 134 1077 tuu
161 1023 260 1094 partes
293 1030 348 1113 per
379 1013 532 1114 oppositas
560 1013 721 1075 sententias
753 1013 797 1074 sic
824 1005 1074 1094 progrediuntur,
1107 1021 1141 1079 ut

88 1101 203 1163 uniuersi
225 1098 364 1162 carminis
385 1090 530 1178 imagines
556 1100 679 1162 iteratas
707 1097 890 1178 praeferant.
933 1101 1024 1163 Cuius
1046 1101 1142 1164 ratio·

89 1188 124 1248 nis
150 1203 211 1248 cum
240 1185 324 1248 urrlla
349 1203 445 1266 paene
472 1185 625 1264 Propertii
652 1184 752 1264 elegia
777 1185 821 1247 ita
849 1201 956 1266 expers
985 1188 1039 1264 sit,
1068 1188 1141 1267 quin

91 1273 190 1354 diquot
224 1281 307 1334 certe
339 1272 469 1351 uestigia
504 1271 594 1334 liceat
628 1269 868 1352 deprehendere,
905 1273 1006 1334 nobile
1041 1282 1142 1336 tamen

91 1359 238 1440 exemplum
260 1357 358 1422 statim
377 1359 407 1420 iu
427 1357 528 1420 limine
551 1358 667 1419 obuium
688 1356 778 1431 llll,
802 1361 830 1420 1.
874 1357 957 1420 Hane
979 1360 1055 1420 enirn
1077 1377 1143 1421 eum

91 1445 181 1525 cuique
201 1445 294 1506 semel
317 1444 483 1526 inspicienti
504 1444 535 1506 iu
556 1453 617 1507 tres
640 1452 740 1523 partes
762 1441 916 1506 discedere
937 1445 1027 1508 facile
1050 1453 1144 1526 appa·

90 1540 144 1594 reat
162 1529 211 1608 (lla
230 1533 359 1594 1-18.
380 1530 416 1593 Β.
438 1534 583 1594 tat—30.
605 1528 638 1592 G.
661 1533 713 1592 31.
736 1528 775 1590 ad
796 1528 879 1609 lin.),
902 1530 1070 1596 accurratius
1096 1539 1143 1594 ta-

88 1635 143 1680 nen
162 1618 187 1678 si
208 1616 275 1699 quis
298 1616 501 1698 inquisiverit,
520 1617 576 1678 lroc
597 1615 715 1678 schema
736 1613 865 1678 orietur:

146 1749 169 1787 a.
189 1740 244 1786 1-
251 1737 278 1790 8.
297 1732 396 1786 Infelix
415 1737 443 1784 et
461 1732 520 1785 sine
539 1747 662 1786 successu
682 1737 805 1786 amat-

148 1805 171 1856 b.
189 1809 297 1858 9-16.
317 1805 482 1882 Quemquam
502 1805 623 1868 exempla
643 1807 803 1870 suppetunt,
821 1816 902 1878 saepe
924 1801 1072 1870 puellarum
1094 1795 1145 1854 du·

90 1881 117 1934 A,
313 1871 401 1923 ritienr
420 1871 568 1923 constantia
585 1871 680 1924 vietam
698 1885 766 1924 esse.

147 1956 169 1994 c.
187 1945 229 1996 17.
247 1941 289 1994 18.
310 1940 412 1991 Tamen
428 1939 523 1992 infelix
539 1945 619 1991 aurat.
646 1937 767 2004 (Fortius
786 1937 859 1992 enim
874 1937 1021 2024 primorum
1041 1954 1083 1997 ιι.
1101 1953 1146 1992 ar·

314 2014 467 2073 gumentum
484 2007 648 2076 repetitum.)

148 2085 189 2135 19.
206 2082 250 2135 20.
271 2079 400 2143 Sagarum
411 2078 501 2158 igitur
518 2093 561 2129 ars
581 2077 724 2130 contendat
744 2109 1019 2132 .......
1055 2089 1080 2128 a.

148 2154 189 2200 21.
210 2153 253 2202 22.
272 2163 332 2200 cum
350 2145 496 2226 pertinacia
518 2147 668 2214 puellae‚.
1011 2145 1081 2201 ..b

148 2221 189 2272 23.
206 2219 250 2268 24.
271 2231 324 2284 qua
340 2215 410 2269 vieta
428 2214 613 2266 documentum
639 2214 704 2266 artis
726 2214 848 2266 omnibus
873 2179 997 2346 praestig'
991 2213 1024 2266 ris

317 2283 439 2364 superins
458 2283 517 2334 illas
536 2299 595 2336 esee
612 2282 783 2338 exhibiturae.
836 2317 844 2336 .
879 2317 888 2336 .
1013 2297 1082 2337 ..c

91 2336 117 2390 Β·
149 2353 272 2408 23-27.
290 2355 331 2405 Ab
349 2352 440 2404 amieis
459 2354 500 2404 vel
517 2353 664 2418 asperrima
681 2351 799 2404 remedia
817 2351 933 2417 petit.
1013 2367 1081 2406 ..a

149 2427 190 2480 28.
209 2426 303 2476 contra
319 2421 426 2488 durius,
444 2435 523 2487 quam
543 2421 581 2472 illi
597 2420 727 2472 erriciatus
744 2421 811 2492 sint,
831 2418 1021 2474 servitium..
1056 2420 1082 2474 b.

150 2497 191 2548 29.
209 2493 242 2544 In
259 2496 391 2544 extremas
410 2495 493 2542 terras
512 2489 610 2542 auferri
631 2491 700 2555 vult
1074 2527 1081 2544 .

150 2565 191 2617 30.
210 2577 270 2613 cnm
289 2561 332 2611 vel
350 2566 471 2624 aspectus
490 2558 646 2608 feminarum
664 2557 715 2611 sibi
734 2558 771 2610 eit
794 2557 966 2624 perniciosus.
1013 2591 1022 2610 .
1057 2558 1085 2614 b.

151 2643 175 2687 e.
193 2637 236 2686 at.
252 2633 294 2685 32.
313 2627 358 2680 Sic
375 2625 539 2678 tolerabilem
555 2625 659 2692 quidem
674 2634 772 2679 sortem
788 2625 902 2678 futuram
905 2642 1025 2694 ‚quam-

319 2696 358 2748 vis
374 2694 506 2748 infelicem
525 2711 574 2745 neo
592 2711 651 2745 curn
669 2694 703 2746 iis
725 2696 943 2762 comparandam,
959 2710 1026 2762 qnos

321 2763 394 2817 domi
419 2762 518 2814 felici
542 2778 657 2816 amore
681 2763 837 2817 fruentes
861 2779 1027 2831 perseve-

320 2831 447 2886 rarein
467 2847 505 2883 eo
525 2829 620 2882 iubet
623 2864 1024 2887 ..........
1059 2847 1084 2888 o.

114 2887 176 2961 b.
194 2909 238 2958 33.
256 2904 299 2955 34.
318 2901 369 2954 His
388 2917 437 2953 sue
455 2901 510 2952 fata
527 2899 642 2952 infausta
651 2916 709 2982 pro
729 2901 850 2967 exemplo
867 2898 988 2968 opponit,

151 2991 173 3029 o.
191 2979 235 3030 35.
253 2977 297 3028 36.
317 2986 369 3038 quo
390 2968 478 3022 edocti
500 2984 533 3019 ne
555 2969 626 3035 paris
650 2967 844 3023 inconstantiae
861 2985 938 3038 pares
957 2985 1058 3038 poenas
1076 2969 1150 3042 dent,

319 3038 419 3108 alioqui
436 3054 496 3091 sero
514 3037 659 3106 dolituros,
675 3037 806 3091 hortatur.

1119 2183 1143 2240 1.

1110 2595 1150 2652 11.

90 3171 148 3235 lloc
169 3172 304 3274 exemplo
327 3178 403 3248 tum,
430 3179 542 3253 quanta
568 3171 606 3234 sit
632 3171 712 3234 intra
736 3168 823 3232 unius
850 3167 988 3232 carminis
1008 3167 1081 3233 fines
1103 3189 1153 3234 ar·

91 3262 213 3336 grrueuti
239 3261 388 3334 uarietas,
418 3268 478 3321 tum
504 3273 576 3320 uero
605 3259 694 3321 etiam
719 3255 796 3318 illud
824 3265 965 3337 apparet,
992 3257 1153 3338 perplexas

91 3343 163 3408 inter
190 3365 223 3409 ee
252 3356 282 3410 et
309 3345 352 3406 ita
380 3360 528 3406 connexas
561 3355 663 3424 partes
692 3343 834 3417 inueniri,
868 3350 901 3404 ut
927 3341 1008 3404 idem
1036 3339 1153 3422 κῶλον,

91 3431 166 3510 quod
193 3434 279 3495 unius
307 3430 416 3511 partis·
431 3429 594 3493 clausulam
622 3430 747 3505 efficiat,
778 3428 902 3492 alterius
931 3429 970 3492 sit
998 3431 1155 3493 exordium

91 3518 146 3596 (ιι.
166 3523 216 3582 at.
236 3515 315 3594 aa).
358 3515 443 3580 Unde
465 3518 602 3579 tenacior
621 3517 653 3578 fir
673 3526 791 3580 textura
811 3523 850 3587 et,
870 3514 1014 3576 iuncturis
1034 3531 1155 3598 compa-

92 3619 154 3679 gum
173 3604 344 3678 latentibus,
364 3601 566 3683 dispositionis
588 3620 661 3665 uera
682 3605 760 3664 ratio
781 3601 873 3663 multo
894 3599 934 3661 ad
954 3600 1157 3682 indagandum

92 3688 246 3754 difficilior.
290 3691 355 3752 Huc
375 3688 509 3763 accedit,
536 3697 568 3751 ut
595 3686 741 3752 interdum
767 3687 931 3750 sententiae
951 3687 1157 3769 alieui·cogi·

92 3777 205 3839 tationis
227 3776 306 3840 alius
329 3773 545 3855 quodammodo
568 3777 679 3836 semina
700 3774 933 3848 admisceantur,
955 3782 1083 3853 cognata
1100 3777 1157 3839 illa

93 3861 204 3938 quidem
233 3871 263 3926 et
290 3862 415 3925 finitima
442 3861 613 3942 proximae,
644 3859 696 3922 sed
726 3877 802 3942 quae
831 3858 870 3920 ad
897 3858 989 3922 totins
1017 3863 1156 3925 carminis

94 3958 288 4050 argumentum
318 3949 469 4030 pertinere
501 3965 560 4008 nou
590 3946 725 4028 protinus
755 3946 925 4024 intelligas,
959 3947 1062 4025 qrralia
1091 3958 1159 4013 sunt

92 4023 330 4118 suammetipsam
352 4041 382 4096 ιι
402 4027 638 4133 nupevde'ueme
659 4030 747 4095 modo
768 4033 926 4096 interiecta
945 4032 1048 4110 uerba,
1068 4035 1161 4097 iuter·

94 4113 155 4181 dum
178 4122 281 4196 etiam,
310 4137 387 4200 quiae
413 4121 499 4180 unius
525 4120 608 4182 roeis
635 4118 760 4181 fortuita
787 4136 883 4200 paene
910 4117 1063 4184 additione
1087 4137 1160 4182 eon·

94 4201 244 4271 tineentur.
288 4207 341 4268 llis
363 4205 456 4284 igitur
476 4200 603 4285 arreptis
623 4216 653 4269 et
673 4205 703 4266 in
726 4205 819 4268 maius
842 4205 936 4266 auctis
957 4205 1082 4284 primum
1103 4206 1159 4268 illa

93 4295 232 4375 tauquam
267 4293 418 4357 crustulae
448 4300 623 4372 argumento
654 4291 746 4355 insita
777 4280 952 4364 ἐπιιςόδια
983 4301 1146 4355 naseuntur
