2762 4972
194 301 247 410 72
510 345 702 406 Quaestionum
721 344 804 400 Liber
824 344 967 400 secundos.
1352 374 1353 440 q

200 527 231 582 u
244 517 293 584 nr.
309 519 346 596 ιι,
363 522 415 597 en,
431 519 483 586 eo.
505 518 557 594 111,
577 521 608 595 e,
623 518 701 600 m).
744 517 953 582 salutavero
974 516 1119 580 oreore
1142 511 1210 592 (ιιι,
1226 501 1274 612 rb,
1353 490 1354 568 l

203 605 367 686 11-42.)
395 624 460 668 corn
482 624 502 668 a
522 615 613 687 poeta
640 607 684 669 ita
711 613 874 679 tractetur,
899 613 932 667 ut
950 605 1018 666 'non
1045 609 1106 664 tam
1131 608 1276 662 narrantis
1354 606 1355 682 t

201 702 302 773 partes
323 694 488 774 suscepisse
509 690 655 768 rideatur,
677 709 764 772 qnam
786 689 858 764 eius,
881 690 1024 770 quincta
1046 687 1208 750 scientibus
1229 702 1276 746 re·
1354 701 1355 704 ’

202 785 299 864 petat,
320 794 385 852 nec,
406 779 465 840 nisi
486 778 537 857 qui
559 786 642 840 certa
665 775 790 858 quadam
817 776 947 854 imagine
969 775 1093 837 edoctus
1115 771 1276 834 orationem

202 881 314 927 sumna
335 864 423 927 modo
446 868 545 944 capita
570 871 738 942 tangentem
760 863 963 936 coniunxerit,
992 861 1068 924 satis
1097 875 1162 920 eam
1186 856 1278 936 possit
1354 840 1357 926 Ι

202 948 391 1028 intelligere:
422 951 495 1012 artis
519 949 642 1029 aliquod
663 958 877 1026 monumentum
898 949 1011 1010 Rornae
1038 955 1099 1009 tum
1122 942 1276 1005 multorum
1357 956 1358 1024 q

201 1037 387 1111 sermonibus
407 1036 557 1115 volgatum
579 1035 718 1098 carminis
741 1034 927 1097 occasionem
953 1033 1148 1115 praebuisse,
1179 1043 1274 1107 neque
1358 1072 1359 1105 ,

175 1119 278 1192 ,illud
299 1121 429 1185 tortasse
452 1120 534 1183 aliud
556 1121 666 1196 luisse,
689 1139 775 1201 quam
798 1118 877 1201 qnod
898 1121 936 1181 ab
958 1118 1122 1199 Apollonio
1146 1121 1177 1176 et
1198 1112 1276 1174 Tau·
1358 1108 1360 1198 ¹

200 1206 281 1269 risco
304 1208 448 1289 sculptum
470 1209 502 1268 in
524 1207 647 1269 aedibus
667 1208 762 1268 Asinii
786 1205 933 1267 Pollionis
959 1204 1088 1268 curiosis
1116 1199 1276 1281 inspicien·
1359 1201 1360 1224 ¹

202 1291 270 1355 dum
290 1303 407 1374 pateret
429 1291 481 1371 (cl.
502 1293 580 1355 Plin.
601 1292 638 1355 N.
660 1293 697 1355 H.
719 1292 862 1365 XXXVI,
883 1295 919 1366 4,
944 1293 1028 1377 tlh),
1050 1287 1190 1370 qnodque
1211 1285 1274 1382 lor:
1360 1304 1361 1374 ¹

200 1385 290 1441 tunae
310 1379 378 1441 lusu
399 1381 530 1458 benigno
551 1377 591 1442 ad
613 1387 717 1442 nostra
740 1388 875 1458 tempora
896 1377 1013 1441 Tauri
1036 1371 1275 1467 Farnesionp

199 1465 318 1527 nomine
338 1465 454 1545 insigne
474 1465 660 1546 pertinuerit,
679 1463 800 1526 iamad
822 1465 1100 1545 interpretationem
1122 1456 1273 1539 Propertii
1361 1477 1363 1552 }

166 1547 168 1554 '
201 1549 405 1613 Germanicam
426 1552 449 1614 l.
469 1552 491 1613 1.
513 1550 716 1614 indicarimus.
767 1549 900 1612 Similem
927 1568 1030 1613 rursus
1059 1547 1207 1612 rationem
1236 1539 1275 1604 ci.
1362 1563 1363 1604 3

28 1655 40 1663 ·
88 1673 92 1684 ·
199 1635 239 1698 ad
260 1636 308 1700 El.
330 1636 386 1712 1v,
407 1641 442 1714 3,
463 1640 514 1699 21.
536 1636 700 1699 defabula
721 1635 874 1716 obliqui
895 1635 1001 1700 Ocni.
1363 1653 1364 1676 ι

301 1737 482 1801 Fabularum
497 1746 592 1802 antem
605 1756 675 1800 usus
691 1737 782 1817 longe
795 1736 928 1801 diuersus
943 1738 974 1799 in
990 1737 1129 1801 oratione
1142 1727 1275 1815 pedestri
1364 1795 1365 1800 ,

199 1830 290 1903 atque
314 1824 345 1884 in
372 1825 511 1886 carmine.
553 1824 621 1888 lilio
648 1825 722 1885 eninr
746 1833 867 1887 ornatus
896 1842 986 1905 saepe
1013 1825 1116 1906 gratia
1142 1819 1274 1914 adscitae
1365 1886 1366 1890 ¹

198 1907 277 1971 inter
297 1908 409 1988 figuras
431 1910 598 1973 rhetoricas
624 1911 810 1985 relerrrntur;
833 1911 881 1972 bic
902 1913 995 1990 ipsius
1017 1921 1087 1974 snut
1107 1909 1274 1984 argumentr
1297 1943 1298 1946 ,

197 2011 279 2074 pars.
322 1995 399 2058 Nam
419 2012 483 2057 cum
502 2005 667 2076 poetanon
688 2005 748 2058 tam
767 1989 972 2075 cogitationes,
990 2015 1080 2077 qnam
1101 1993 1229 2058 allectus
1245 1994 1275 2086 et
1317 2071 1323 2080 ,

196 2081 327 2143 visiones
344 2083 391 2143 his
412 2081 522 2144 excitas
539 2084 669 2144 carmine
687 2081 820 2158 includit,
838 2083 1029 2146 historiarum
1046 2091 1179 2148 ueterum
1197 2093 1275 2138 rerr-
1367 2139 1368 2142 ,

196 2167 312 2228 riscens
335 2169 477 2231 memoria
500 2187 685 2250 nequaquam
708 2169 898 2248 segreganda
919 2179 972 2231 est.
1016 2172 1060 2233 Ac
1083 2167 1194 2248 tyrium
1216 2161 1270 2223 im·

198 2252 301 2332 primis
334 2262 363 2316 et
396 2253 546 2332 elegiacos
576 2256 690 2328 omnia,
720 2272 796 2334 quae
825 2273 947 2334 nsquam
978 2273 1115 2338 quaeque
1146 2262 1272 2330 unquam

196 2337 335 2414 tuorum,
362 2338 401 2400 ad
423 2341 562 2402 carminis
591 2343 638 2402 sni
666 2350 838 2403 concentum
864 2358 1007 2403 reuocare
1031 2352 1060 2406 et
1087 2339 1171 2423 quasi
1195 2334 1272 2397 alter

198 2423 335 2505 Orpbeus
363 2425 507 2504 imagines
530 2444 629 2489 rerum
650 2427 785 2490 citharae
808 2444 879 2489 suae
902 2427 1028 2490 modulis
1051 2434 1194 2510 parentes
1218 2435 1274 2501 per

176 2508 337 2588 'pulchros
365 2513 473 2574 choros
501 2511 663 2593 dispositas
692 2531 725 2574 se
749 2512 853 2574 ducem
882 2515 968 2594 sequi
996 2523 1089 2594 atque
1118 2509 1272 2575 celebrare

195 2596 288 2674 cogit.
331 2596 393 2658 lam
414 2614 486 2660 uero
508 2608 542 2661 nt
569 2600 600 2660 in
622 2600 683 2660 rita
707 2599 791 2661 lauta
815 2607 844 2660 et
871 2600 953 2662 culta
976 2602 1111 2663 omnibus
1135 2605 1164 2659 et
1185 2589 1273 2656 undi-

196 2698 255 2761 que
276 2691 422 2744 terrarum
440 2683 557 2745 collatis
577 2685 663 2747 bonis
682 2686 846 2748 nescientes
869 2703 959 2766 saepe
981 2687 1099 2763 utimur,
1117 2685 1160 2746 sic
1182 2686 1272 2762 poeta

195 2768 330 2830 cultioris
353 2771 461 2831 aetatis
481 2779 511 2832 et
530 2770 705 2852 disciplinae
726 2771 918 2846 humanioris,
941 2772 1085 2851 quidquid
1107 2788 1166 2833 non
1184 2763 1270 2828 modo

195 2868 234 2915 ex
261 2853 365 2916 studiis
396 2855 449 2918 sed
478 2873 515 2918 ex
543 2858 609 2937 ipso
638 2859 717 2919 ritae
744 2877 800 2918 usu
828 2857 917 2918 altius
947 2859 978 2918 in
1008 2867 1105 2920 mente
1132 2851 1271 2924 haeserit,

193 2940 342 3014 carmine,
364 2941 421 3002 boo
445 2950 490 3003 est
498 2987 507 3018 ,
534 2945 613 3006 ritae
635 2944 765 3024 imagine
788 2943 989 3023 amplectitur,
1012 2935 1272 3022 singolispri·

192 3042 269 3086 mnm
292 3027 636 3106 appellationibus,
657 3047 694 3091 ne
716 3030 822 3111 peritis
844 3029 974 3092 taedium
990 3040 1117 3105 moreat,
1138 3045 1188 3090 res
1211 3024 1271 3086 sic·

191 3109 280 3189 gulas
308 3121 445 3191 tangens.
490 3115 565 3176 llinc
594 3113 696 3178 Coae
726 3123 860 3177 restes
893 3124 923 3177 et
952 3116 1123 3178 Orontea
1151 3110 1268 3190 myrrha

193 3196 239 3277 (Ι,
262 3201 299 3272 2,
321 3195 366 3275 3.)
391 3207 420 3260 et
442 3200 549 3261 esseda
570 3200 761 3262 Britanna
783 3199 842 3277 (ΙΙ,
867 3205 901 3276 l,
922 3199 989 3280 76.)
1014 3212 1043 3264 et
1063 3202 1271 3264 Dorozan-

191 3290 280 3355 tum,
302 3281 328 3343 si
349 3301 472 3366 nsquam
494 3280 628 3362 inerunt,
651 3304 744 3347 aurea
764 3287 832 3365 ripa
854 3284 918 3365 (IV,
936 3289 966 3360 5,
986 3285 1052 3366 25.)
1075 3298 1105 3351 et
1127 3283 1268 3363 oryoia

190 3367 374 3431 terebinthus
405 3377 433 3431 et
462 3371 616 3432 cinnamon
639 3371 819 3433 Arabium
843 3372 918 3451 (ΙΙΙ,
942 3377 999 3448 13,
1020 3373 1067 3454 5.)
1090 3374 1128 3435 ad
1150 3371 1270 3434 ramen-

140 3509 148 3524 ,
190 3452 246 3514 dos
272 3453 489 3533 quodammodo
517 3458 677 3522 carminum
704 3458 824 3520 colores
851 3452 1038 3520 adhibentur.
1083 3459 1129 3522 ct.
1151 3458 1196 3532 ll,
1217 3456 1267 3526 16,

190 3541 244 3602 54.
275 3541 406 3614 25,43.
437 3547 479 3606 29
518 3545 568 3608 15.
593 3548 643 3607 17.
674 3544 761 3618 Ι,5,
786 3547 815 3607 6.
846 3544 1024 3619 tl‚3,15.
1058 3539 1268 3620 12‚10.1V‚

190 3625 227 3699 b,
250 3625 302 3688 26.
332 3627 369 3700 6,
392 3629 423 3690 8.
476 3589 559 3704 tinae
591 3639 690 3694 tamen
722 3631 821 3692 omnia
851 3629 1028 3710 plerumque
1059 3648 1118 3693 non
1153 3640 1212 3692 tarn
1238 3626 1268 3687 in

188 3728 289 3772 rerum
312 3719 420 3773 natura
441 3712 547 3779 edesse
569 3733 655 3795 qnam
676 3717 765 3777 menti
789 3727 818 3778 et
838 3716 1013 3794 cogitationi
1031 3726 1141 3797 poetae
1162 3715 1269 3777 obuer-

189 3797 253 3858 sari
274 3795 485 3876 significantur.
527 3801 632 3882 ltaque
652 3801 683 3861 in
704 3802 850 3881 negativis
872 3821 909 3863 ea
928 3803 1111 3883 potissimum
1133 3800 1267 3866 enuntia·

191 3881 232 3944 tis
253 3881 303 3947 rel
323 3882 574 3950 conditionalibus
595 3887 740 3963 inuenies,
759 3888 840 3951 uelut
860 3904 926 3950 cnm
948 3886 1022 3950 dicit
1042 3888 1098 3965 ΙΙΙ,
1116 3889 1148 3967 5,
1164 3889 1197 3952 b.
1212 3902 1267 3970 sq:

327 3997 359 4050 N
361 4014 394 4049 ec
411 4001 473 4052 naihr‘
491 4005 561 4076 mille
579 4005 647 4071 iupis
667 4004 832 4071 Campani
842 4022 859 4056 o
876 4007 980 4072 pinquis
997 4013 1105 4076 oratur,

357 4069 427 4120 Nec
444 4072 522 4124 miser
539 4089 604 4126 cero
620 4089 689 4140 poro
707 4075 795 4142 clodo,
813 4075 995 4144 Corintho,
1016 4082 1074 4129 too.

184 4176 232 4243 (ll.
254 4176 285 4256 1,
305 4181 343 4256 8,
365 4181 416 4246 39.
440 4181 499 4259 ΙΙΙ,
522 4189 558 4261 2,
579 4187 681 4252 9.11.
703 4186 747 4264 ΙΙ,
770 4191 827 4263 13,
848 4193 900 4251 22.
930 4187 979 4253 rel
1000 4189 1046 4266 ΙΙ,
1068 4193 1127 4269 26,
1149 4191 1220 4254 hb:
1253 4277 1258 4286 ⁸

323 4297 402 4365 Non,
419 4300 445 4353 si
464 4301 657 4370 Cambysae
673 4305 783 4358 redeant
799 4312 824 4359 et
840 4305 950 4370 tlunar'nc
972 4308 1091 4364 croeso
1106 4335 1142 4350 ··
