2834 4972
193 353 245 431 38
519 369 710 427 Quaestionum
730 367 811 422 Liber
829 367 938 437 primos.

200 540 359 622 scaligero
387 541 425 604 ad
452 541 542 622 lrgm.
560 539 658 604 Plaut.
686 539 721 610 iu
742 539 788 606 ed.
816 537 907 604 Gron.
935 558 965 622 p.
990 537 1081 621 476.)
1110 537 1275 602 manilesto

201 627 357 692 disceruit:
384 627 465 692 lotro
492 627 531 692 ad
556 627 665 690 boram
695 628 895 702 meretricem,
923 635 1023 690 astare
1049 627 1080 688 in
1100 627 1153 689 ria
1176 627 1276 687 solnm

202 713 238 794 (l.
260 713 360 779 adstat
386 731 424 776 ea
448 716 479 778 io
502 713 553 778 ria
579 712 646 775 sola
670 711 766 794 Scal.)
787 712 958 776 Prostihula
986 729 1057 774 sane
1085 713 1163 775 est.“
1208 711 1276 774 iloc

201 801 295 878 igitur
327 801 445 862 nomine
481 801 569 863 etiam
601 798 753 878 Cynthium
785 797 959 878 Propertius
990 817 1010 861 a
1036 798 1125 876 ragis
1161 797 1277 878 puellis

204 883 374 966 (1,c,r.)
400 885 568 967 vilibusque
595 883 653 963 (ΙΙ,
679 887 738 960 24,
765 884 812 965 9.)
840 882 997 959 discernit,
1030 885 1112 946 circa
1143 883 1279 964 compita

202 970 403 1055 prestantibus
425 971 537 1046 (Plant.
559 968 659 1034 Gasin.
679 968 758 1052 prol.
778 988 806 1033 r.
827 971 912 1046 84),
934 988 1008 1050 quas
1027 988 1065 1032 ne
1087 971 1131 1033 sic
1156 969 1281 1050 quidem

204 1056 437 1138 omnitempore
457 1056 655 1138 spreuissese
676 1057 741 1137 ipse
760 1056 911 1136 nequitiae
933 1074 1005 1118 snae
1026 1056 1110 1118 testis
1134 1056 1280 1133 allirmat,

204 1150 308 1224 utpote
336 1143 431 1205 minus
458 1152 644 1224 sumptuosas
671 1144 860 1223 minoresque
888 1159 994 1204 causas
1027 1141 1278 1206 diffamationum.

205 1227 267 1294 Sed
297 1231 492 1311 equestris
519 1230 568 1292 hic
592 1227 745 1292 mulierum
773 1227 865 1290 ordo
896 1229 954 1300 (sic
984 1229 1059 1291 enim
1090 1228 1280 1291 facetissime

203 1313 319 1378 Plinius
348 1331 414 1377 enm
440 1315 573 1398 appellat
599 1314 669 1379 Nat.
691 1314 767 1378 llist.
791 1313 936 1388 XXXlll,
965 1317 1017 1377 12.
1066 1313 1113 1376 Gi.
1141 1315 1278 1378 llosclrk.

205 1400 281 1466 Anu.
300 1399 359 1466 litt.
383 1419 415 1482 p.
437 1404 510 1467 302.
537 1399 658 1464 Femur.
681 1398 719 1463 de
742 1415 776 1462 re
799 1408 873 1463 rest.
893 1399 953 1475 ΙΙΙ,
975 1402 1024 1463 17.
1047 1417 1077 1482 p.
1102 1399 1194 1477 227.)
1217 1401 1279 1462 iam

203 1495 266 1552 tuor
294 1486 421 1549 maximo
446 1489 478 1551 iu
505 1487 621 1550 honore
651 1503 718 1550 esse
742 1485 855 1548 Romae
883 1493 1040 1566 coeperat,
1070 1493 1103 1548 ut
1132 1494 1280 1568 tanquam

204 1587 297 1637 rerae
323 1589 448 1649 uxores,
475 1571 556 1635 lraud
577 1579 658 1635 certe
680 1571 791 1654 peculii
818 1571 971 1634 commodo
996 1570 1076 1633 domi
1103 1581 1282 1651 regnarent,

206 1673 272 1722 cunr
294 1657 511 1722 anchilissimo
524 1674 642 1740 quoqne
663 1659 790 1721 civitatis
810 1658 875 1720 uiro
897 1658 928 1720 irr
949 1673 1072 1721 coenam
1091 1657 1281 1724 adhiberen-

207 1752 257 1809 tur
276 1744 331 1823 (cf.
352 1742 417 1809 Cic.
437 1744 476 1808 ad
495 1744 601 1810 Famil.
620 1743 673 1820 lX,
695 1742 773 1822 26),
793 1745 904 1806 amicos
925 1760 1055 1826 peregre
1071 1743 1119 1808 rel
1143 1745 1226 1808 adeo
1249 1745 1282 1808 in

205 1837 307 1893 castra
328 1838 531 1912 sequerentur.
575 1831 640 1894 lluc
666 1830 759 1910 igitur
786 1829 915 1912 pertinet
944 1838 1068 1910 praetor
1093 1829 1149 1893 ille
1177 1829 1225 1913 (1,
1248 1835 1282 1897 8.

206 1914 253 1992 11,
276 1916 361 1994 16),
387 1917 444 1978 lrnc
466 1916 572 1980 r'iralis
597 1915 686 1980 toties
707 1917 738 1978 in
761 1914 842 1978 libro
867 1915 998 1979 secundo
1020 1926 1283 1995 commemoratus,

207 2001 259 2083 qni
278 2003 404 2083 propria
423 2001 541 2066 discidii
561 2002 654 2065 luisse
674 2000 791 2066 ridetur
811 2018 918 2078 cansa,
945 2002 1017 2078 truc,
1039 2003 1090 2084 qui
1111 2003 1180 2083 ipse
1201 2005 1283 2067 lucri

209 2086 374 2167 quaerendi
396 2105 487 2152 causa
506 2090 613 2152 relicta
637 2088 739 2170 puella
758 2087 918 2170 Propertio
939 2090 1037 2152 cessit.
1080 2089 1158 2152 Hinc
1180 2100 1285 2153 costo-

208 2171 261 2234 des
282 2171 378 2238 additi
399 2173 457 2252 (ll,
478 2179 536 2251 23,
558 2174 727 2251 14.),lrinc
747 2174 869 2236 timores
891 2173 1008 2250 iniecti,
1030 2173 1098 2236 hinc
1120 2175 1205 2239 mille
1229 2194 1283 2240 ex·

207 2257 315 2322 cahiae
337 2267 366 2322 et
386 2260 507 2339 signata
526 2261 645 2336 limina,
670 2260 739 2322 lrinc
758 2259 901 2340 Cynthiae
922 2260 1067 2334 audacter
1088 2259 1188 2337 lacta,
1215 2263 1283 2344 qni-

206 2343 263 2406 nus
289 2345 394 2407 umbra
421 2345 517 2408 adhuc
543 2345 693 2425 gloriatur
713 2343 831 2427 (ll,·l,
853 2345 952 2426 146).
994 2345 1211 2429 llucsdenique
1233 2366 1284 2412 re-

207 2427 290 2493 lerrc
316 2447 375 2500 nou
402 2427 504 2495 dubito
526 2431 575 2495 ΕΙ.
596 2431 733 2506 111,1t,
755 2433 920 2507 att-32,
949 2432 1080 2512 quamuis
1104 2434 1283 2498 matronalis

207 2514 305 2581 cnltna
326 2516 565 2598 descriptionem,
585 2515 702 2599 qualem
723 2516 863 2579 Horatius
881 2518 998 2598 profert
1013 2519 1091 2593 (Sat.
1104 2517 1126 2596 1,
1147 2525 1178 2595 2,
1200 2524 1283 2600 94),

206 2617 304 2684 paene
323 2600 363 2664 ad
384 2604 479 2666 rerba
496 2603 661 2684 exprimere
677 2600 843 2668 videantur.
868 2603 983 2684 (Negat
1004 2613 1101 2668 tamen
1119 2604 1282 2670 Paldamus

207 2687 238 2750 in
258 2687 354 2750 libro:
374 2687 470 2754 Erott
486 2691 599 2754 Romm.
620 2707 651 2770 p.
669 2688 739 2770 46.)
1291 2707 1293 2712 ·

311 2775 449 2838 Attamen
472 2775 499 2838 si
526 2784 687 2839 amatorem
710 2775 805 2858 ipsum
827 2776 859 2838 io
881 2775 1007 2855 propria
1029 2793 1083 2837 sna
1106 2791 1200 2840 causa
1228 2796 1284 2839 au·

208 2853 346 2922 diendum
374 2877 439 2925 asse
460 2878 647 2937 censeamus,
676 2859 817 2942 Cynthia,
844 2861 975 2942 quamdo
998 2865 1180 2924 acommnni
1209 2863 1284 2926 ista·

208 2961 273 3007 rum
298 2945 453 3010 mulierum
478 2947 557 3011 lucri
584 2946 671 3013 sudio
697 2965 883 3029 nequaqnam
912 2955 1026 3008 exenta
1054 2957 1131 3010 esset
1155 2949 1209 3022 (cl.
1232 2949 1282 3012 El.

208 3028 255 3106 11,
278 3034 330 3095 11.
351 3037 450 3115 sqq),
470 3035 543 3097 satis
569 3050 626 3115 pro
648 3050 749 3095 earum
769 3032 887 3096 ratione
907 3043 990 3094 casta
1013 3033 1064 3108 (cl.
1086 3033 1131 3109 ll,
1153 3037 1190 3110 l,
1213 3038 1283 3113 49.)

195 3123 241 3177 et
261 3118 356 3180 amico
376 3117 437 3181 fida
458 3128 522 3182 erat
545 3118 599 3194 (cl.
614 3119 645 3194 l,
664 3121 700 3193 8,
722 3121 799 3196 33.).
843 3117 898 3181 Cui
927 3119 952 3178 si
979 3118 1095 3181 tornae
1122 3132 1284 3200 praestan-

210 3199 300 3278 tiam,
320 3203 471 3284 ingenium
492 3205 619 3279 cultum,
640 3221 732 3266 annos
760 3205 866 3267 aetatis
888 3205 1076 3284 superiores,
1104 3206 1210 3286 quibus
1233 3225 1283 3269 re-

146 3344 149 3348 .
208 3285 266 3349 hus
300 3287 378 3350 alius
411 3307 529 3370 quoque
562 3291 693 3372 periret,
729 3287 881 3352 addideris
916 3291 1103 3374 calidumque
1137 3291 1281 3355 Italorum

209 3371 358 3435 lrominum
379 3377 569 3454 sangninem,
588 3377 699 3437 amoris
719 3374 950 3456 proclivitatem,
972 3376 1054 3439 cuius
1076 3379 1230 3458 egregium
1254 3383 1285 3440 et

210 3460 393 3523 nostratibus
405 3462 456 3524 rix
473 3459 698 3540 intelligendum
715 3461 878 3542 exemplum
893 3462 1024 3525 funestus
1037 3464 1158 3526 Antonii
1179 3464 1284 3526 trium-

210 3543 271 3608 tiri
299 3546 395 3609 exitus
423 3555 492 3610 ante
520 3547 624 3610 ocnlos
654 3545 868 3627 quodammodo
895 3549 1051 3629 proponit,
1085 3551 1283 3630 reputaveris,

211 3629 292 3711 quod
319 3631 494 3713 Propertius
528 3649 588 3695 non
616 3632 704 3696 modo
740 3635 925 3696 meretricem
956 3634 1126 3697 aeternitati
1161 3636 1284 3698 tradere

210 3731 271 3778 uon
293 3716 422 3781 timuerit
443 3716 514 3796 (hoc
533 3720 610 3781 enim
631 3718 710 3781 idem
733 3718 853 3794 Gallus,
874 3717 1025 3796 Catullus,
1047 3719 1195 3796 Tibullus,
1217 3723 1282 3785 llo-

210 3801 306 3863 ratius
327 3802 445 3885 impune
472 3805 621 3886 lecerunt)
643 3804 696 3868 sed
720 3805 847 3886 quinque
869 3805 1004 3882 integros
1026 3823 1119 3868 annos
1142 3805 1283 3870 foedissi-

210 3903 286 3948 mum
314 3891 464 3952 seruitium
492 3893 642 3972 patienter
673 3900 702 3954 et
726 3891 777 3955 uix
803 3889 869 3953 niro
899 3888 991 3971 digne
1018 3892 1194 3973 pertulerit,
1223 3908 1284 3956 non

210 3972 336 4055 amplius
357 3977 460 4038 mirum
483 3995 549 4040 esse
568 3976 727 4055 ridebitur.

314 4060 392 4139 Quid
421 4070 517 4146 autem
546 4071 606 4126 turn
635 4063 671 4126 de
696 4061 830 4124 llcstio
857 4060 1052 4143 portarit,
1082 4081 1168 4146 quem
1195 4077 1282 4128 atum

211 4141 355 4225 Cynthiae
377 4147 470 4210 luisse
492 4148 677 4212 Weiclrertus
690 4149 718 4230 *)
740 4146 811 4211 coll.
829 4147 889 4227 lll,
910 4153 965 4226 26,
987 4153 1034 4213 7.:
1101 4153 1108 4160 “

210 4245 512 4260 buu—m

275 4285 304 4355 *)
323 4289 354 4342 Ι..
368 4287 386 4342 Ι.
405 4307 431 4358 p.
449 4296 475 4344 7.
495 4295 586 4342 contra
603 4289 737 4358 Vossium,
754 4288 801 4358 qui
818 4290 888 4344 trist.
905 4291 995 4347 Poett.
1012 4291 1124 4359 Latet,
1143 4296 1184 4345 16.
1202 4308 1228 4360 p.
1241 4290 1287 4344 ²5·

209 4353 270 4413 Vol.
287 4359 334 4414 lv.
356 4375 418 4430 opp.
437 4367 540 4428 patrem
561 4357 644 4412 luisse
661 4359 743 4426 dicit,
764 4367 792 4413 et
808 4366 901 4413 contra
918 4359 1078 4431 Baehrium,
1098 4359 1200 4430 quiite
1218 4358 1291 4418 Vot-
