2762 4972
240 328 314 405 124
557 339 751 400 Quaestionum
768 337 851 394 Liber
863 335 1011 395 emundes·

340 514 404 578 llos
429 521 527 578 notens
554 511 640 576 locos
668 513 695 574 si
724 512 961 596 compararetis,
991 511 1058 574 leve
1083 510 1140 575 tibi
1166 505 1314 582 ridentur,

239 599 321 685 qnod
348 604 380 664 in
408 598 612 664 emendatione
638 597 686 662 El.
705 598 762 676 lv,
782 603 820 675 4,
840 600 893 662 55.
922 601 990 660 sinn
1020 617 1059 660 ex
1085 616 1138 674 eo,
1172 595 1251 678 qnod
1283 601 1315 660 in

239 690 375 770 sequenti
396 689 568 769 hexametro
588 687 717 768 positum
738 695 784 748 est
805 685 898 760 sint,
925 683 1118 766 repetendum
1144 701 1210 746 esse
1236 683 1317 745 lixi,

237 794 312 838 nnus.
354 774 453 839 Multo
477 774 555 836 eninr
580 773 644 834 illio
670 769 898 835 constructionis
928 773 1006 834 notio
1028 771 1205 852 expeditior.
1248 767 1316 834 llo'o

239 858 535 924 etiarn'relerendum
556 876 677 939 oeque
698 859 729 921 in
752 857 884 922 secunde
903 857 1017 920 denium
1038 859 1203 932 sententies
1225 869 1316 936 parte

235 949 379 1030 posituro,
403 963 468 1010 oum
487 945 526 1010 sd
550 955 705 1025 unumque
724 945 889 1026 pertinent,
910 944 940 1020 Ι,
959 948 995 1020 8,
1014 947 1068 1008 41.
1111 945 1176 1006 llno
1194 940 1243 1006 El.
1264 945 1317 1023 1v,

236 1039 274 1108 l,
294 1037 347 1098 87.
372 1031 494 1095 dioonr
522 1048 592 1094 sero
614 1032 758 1112 positum,
785 1049 850 1094 oum
872 1032 933 1094 ianr
953 1049 982 1093 ι.
1001 1033 1054 1095 83.
1076 1031 1317 1110 intelligeretur:

235 1119 308 1195 luo,
330 1119 382 1181 nbi
403 1129 455 1182 unt
473 1117 608 1200 pendere
629 1117 661 1180 in
682 1116 780 1181 medio
799 1117 921 1180 nerbono
941 1115 1075 1191 ridetur,
1099 1126 1133 1179 ut
1154 1119 1197 1191 ll,
1220 1120 1251 1192 3,
1271 1123 1316 1194 6.,

238 1215 291 1268 out
311 1205 342 1267 in
365 1204 470 1268 eodem
490 1206 642 1267 enuntiato
663 1204 756 1266 semel
776 1203 912 1285 ponitur,
935 1204 1014 1286 qnod
1039 1204 1086 1265 bis
1108 1203 1228 1266 diuerso
1248 1204 1317 1265 ior-

233 1310 284 1353 nno
303 1291 506 1370 intelligatur,
527 1300 561 1353 ut
580 1290 636 1366 w,
660 1293 691 1364 3,
712 1293 764 1354 54.
788 1290 844 1365 111,
868 1294 925 1364 10,
949 1293 1087 1370 1218,
1111 1293 1178 1367 28.;
1205 1293 1314 1372 singu-

235 1377 331 1441 larius
352 1379 503 1442 tamenin
523 1377 764 1460 pronominibus,
785 1387 819 1440 ut
841 1376 872 1452 Ι,
894 1380 931 1451 6,
954 1381 1022 1440 22.;

407 1487 481 1540 Nam
498 1494 561 1538 tou
579 1503 632 1538 non
650 1494 726 1538 anos
743 1503 857 1554 unquam
875 1489 987 1538 cessauit
1004 1483 1100 1552 leonori,

440 1557 552 1623 Semper
571 1562 600 1607 ot
617 1563 741 1608 annolus
757 1573 822 1608 curn
838 1555 890 1622 soit
906 1558 1014 1622 patriae
1031 1553 1082 1620 (so.
1101 1553 1176 1623 tibi),

233 1660 300 1736 uel,
331 1659 381 1722 ubi
414 1660 502 1722 simol
533 1678 599 1724 oum
630 1663 806 1742 pronomine
835 1660 925 1725 etiem
952 1661 1073 1724 uerbum
1101 1659 1316 1724 substantivum

107 1816 110 1824 ,
230 1748 391 1823 omittitur,
413 1747 457 1823 ll,
480 1749 540 1823 28,
564 1751 632 1812 ln:

371 1857 375 1864 ’
405 1862 614 1930 An'conlemptn
633 1863 697 1917 titt
712 1865 821 1917 lunonis
838 1865 936 1932 templo
954 1865 1090 1932 Peleusque,

438 1933 561 1985 Palladio
579 1941 628 1986 out
645 1936 735 1986 oeulos
753 1950 838 1987 nuso
856 1950 952 2001 erepere
968 1933 1050 1986 lutros
1066 1961 1102 1972 —

232 2039 285 2103 ubi
316 2049 357 2103 tu
383 2037 628 2118 intelligendum,
661 2038 741 2104 uode
767 2050 873 2122 opunte
900 2050 1043 2122 sequatur
1072 2058 1120 2102 es.
1171 2038 1259 2102 Adde
1290 2039 1314 2117 l,

233 2129 272 2201 8,
294 2126 340 2200 5.,
368 2126 420 2186 ubi
448 2143 526 2188 eam
556 2124 725 2202 desideres;
752 2127 782 2202 Ι,
806 2131 862 2203 13,
884 2130 915 2191 8.
943 2137 1012 2208 post
1040 2126 1149 2189 odire
1172 2125 1315 2208 supplen-

234 2212 303 2275 dum
333 2229 410 2274 eum
439 2230 476 2273 ex
504 2229 564 2287 eo;
597 2211 656 2287 lll‚
685 2217 740 2287 16,
763 2217 793 2276 d.
823 2215 875 2288 ei;
906 2216 1036 2287 18,12.
1067 2231 1156 2276 eum.
1200 2214 1314 2277 Iturius

149 2375 156 2384 ·
233 2300 324 2362 etiarn
352 2299 538 2360 aecusativus
560 2287 630 2359 ἀπὸ
653 2297 714 2360 τοῦ
737 2297 851 2367 κοινοῦ
873 2298 1027 2380 suppletur
1052 2310 1123 2380 post
1149 2317 1186 2360 eu
1207 2301 1314 2376 verba,

233 2402 312 2468 quoe
333 2384 398 2447 sine
411 2385 581 2446 uooosatiuo
596 2403 632 2446 ne
646 2386 774 2465 eogitari
795 2386 912 2468 quidem
925 2395 1057 2467 possunt,
1076 2396 1110 2448 ut
1127 2385 1164 2464 ll,
1179 2389 1232 2464 24,
1243 2390 1313 2451 10.;

403 2504 470 2556 Noli
486 2502 633 2572 nobilibus,
654 2505 710 2556 noli
732 2505 896 2571 conferre
918 2503 1012 2560 dentis.

206 2611 252 2684 Ι1,
270 2613 389 2683 12,Ιο
412 2608 559 2682 diuidit,
578 2609 708 2672 fortasse
730 2611 819 2674 etiarn
840 2610 1000 2685 l,16,13.
1021 2607 1188 2675 dellens.
1231 2609 1313 2674 nidd.

227 2695 251 2770 1,
268 2700 383 2770 10,11.
406 2696 443 2769 11,
459 2699 508 2769 24,
525 2699 587 2770 31,
608 2696 660 2756 nbi
683 2706 787 2758 contra
807 2694 903 2758 libros
925 2713 964 2758 se
985 2696 1173 2768 interserunt.
1215 2695 1312 2760 Vides
1379 2717 1380 2760 ss

102 2804 110 2814 ’
225 2782 382 2845 brevitatis
415 2781 553 2844 studium.
577 2819 581 2834 ·
605 2782 681 2845 Nom
709 2783 736 2843 si
764 2784 831 2863 quis
860 2799 958 2844 rerum
989 2792 1018 2846 et
1050 2775 1188 2848 sensium
1218 2785 1312 2862 copie
1379 2783 1380 2843 l

230 2867 386 2931 abundans
405 2868 481 2929 huno
501 2885 613 2930 omnem
634 2867 785 2948 explicere
807 2879 836 2932 et
862 2869 949 2930 sirnnl
967 2877 1065 2930 tannen
1085 2869 1210 2930 unionum
1229 2886 1312 2932 oom-

230 2963 340 3018 notun
368 2955 491 3016 inuitato
521 2955 665 3016 orationis
699 2970 788 3016 eursu
818 2955 970 3018 testificari
997 2954 1074 3017 uult:
1103 2965 1137 3017 ut
1166 2966 1311 3036 qnantum

228 3043 319 3103 rebus
341 3039 508 3114 addiderit,
531 3049 641 3103 tentum
663 3040 762 3102 verbis
784 3043 947 3111 subtrahet,
969 3042 1141 3104 necessario
1162 3043 1311 3122 seqnitur.

227 3126 333 3207 ltaque
354 3144 419 3189 oum
439 3127 532 3188 uerbo
551 3127 747 3206 properantia
768 3145 837 3190 snos
861 3126 977 3190 diritius
1000 3145 1056 3188 non
1080 3127 1215 3208 cupient,
1238 3129 1313 3190 bre·

227 3215 347 3278 vitutem
376 3222 406 3275 et
433 3209 553 3274 dicendi
582 3212 758 3291 compendia
786 3215 814 3274 in
839 3213 996 3293 Propertio
1026 3214 1234 3294 frequentiora
1261 3215 1311 3275 in-

226 3299 338 3372 ueniri,
368 3315 456 3378 quom
482 3298 514 3360 io
543 3296 607 3360 ullo
634 3298 696 3359 olio
724 3309 880 3380 poetarum
902 3300 1118 3377 Romanorum,
1147 3310 1310 3364 cousenta-

131 3419 138 3426 “
226 3402 314 3448 neum
336 3393 390 3447 0¹81·

646 3465 674 3536 §.
694 3475 735 3523 12,
770 3469 890 3539 EliipsiS.

326 3572 407 3638 Vero
427 3579 524 3634 tanen
546 3571 703 3656 ellipsis
726 3593 784 3638 non
805 3578 847 3639 ito
864 3577 1014 3658 frequens,
1034 3547 1091 3636 nisi
1114 3571 1192 3655 qnod
1216 3591 1306 3636 rer-

224 3658 612 3810 ptlunp⁷snllrlstentiruor
633 3663 743 3742 passim
764 3664 914 3738 omittitur,
935 3662 1037 3726 durius
1058 3663 1190 3724 fortasse
1213 3661 1305 3724 solito

259 3793 268 3822 ι
338 3791 347 3819 s
414 3789 436 3804 ⁰·

396 3853 478 3972 Soppe
496 3870 589 3973 potone
607 3859 694 3924 novit¹
712 3859 815 3927 quondo
832 3861 967 3925 peritiores
986 3865 1011 3910 et
1028 3875 1045 3909 ιι
1064 3873 1115 3924 prro

463 3939 495 3974 oo·
507 3938 528 3976 e.

222 4025 328 4105 Neque
345 4039 414 4103 ego
444 4021 528 4086 uliud
550 4026 708 4110 quidquam
731 4039 853 4111 praetor
873 4031 993 4092 uerlrnm
1022 4027 1235 4091 substantivum
1255 4027 1303 4087 in-

222 4111 348 4190 telligo,
375 4110 428 4173 ubi
455 4113 614 4175 uerborum
643 4125 783 4179 contextu
812 4117 938 4195 simplex
968 4117 1031 4179 eius
1061 4114 1240 4191 significatio
1270 4113 1301 4172 in

224 4197 360 4261 diuersos
381 4197 578 4279 peullousus
600 4201 781 4276 deflectitur,
805 4215 835 4264 nt
856 4203 911 4277 lv,
934 4205 970 4278 8,
992 4206 1057 4264 dl:
1084 4202 1161 4262 lloo
1183 4218 1300 4270 ιιιιιιιιι,

223 4285 278 4368 uli
295 4283 344 4348 uel
366 4281 481 4348 deerat
502 4287 550 4350 rel
573 4298 757 4370 superorat
779 4289 949 4371 suppletur,
977 4306 1035 4351 non
1057 4307 1115 4369 quo
1139 4285 1169 4349 id
1192 4285 1302 4367 ulique
