2822 4976
260 424 304 488 ro
538 418 752 489 cnorunru
771 416 835 484 nn.
854 412 975 502 mor.
995 413 1051 482 as.

725 621 871 700 XXVII.

308 759 375 847 At
395 795 458 844 vos
476 778 653 860 incertam,
673 773 849 855 mortales,
871 773 999 839 sumeris
1020 770 1133 839 horam

353 878 538 962 Quaeritis,
560 885 595 946 et
617 895 682 964 qua
704 879 751 942 sit
771 893 861 940 mors
885 873 1017 940 aditura
1037 876 1110 939 via:

256 1064 258 1069 Ι
312 978 482 1063 Quaeritis
505 989 538 1049 et
562 981 654 1048 coelo
674 978 872 1044 Phoenicum
894 979 1030 1044 inventa
1056 997 1189 1062 sereno,

359 1083 454 1166 Quae
475 1088 521 1151 sit
543 1085 643 1152 stella
665 1084 786 1149 homini
806 1080 975 1148 commoda
998 1101 1149 1169 quaeque
1171 1081 1270 1148 mala.

280 1182 382 1253 ⁵Seu
403 1187 544 1273 pedibus
563 1186 707 1254 Parthos
729 1187 878 1270 sequitur
899 1203 960 1250 seu
983 1186 1094 1254 classe
1115 1188 1305 1272 Britannos,

353 1286 402 1357 Et
422 1293 524 1358 maiis
542 1299 578 1358 et
596 1298 707 1358 terrae
729 1307 831 1356 caeca
852 1288 977 1374 pericia
999 1291 1091 1354 viae:

313 1391 446 1460 Rursus
469 1401 504 1462 et
524 1397 685 1462 obtectum
706 1395 792 1460 detis
816 1394 916 1478 capiti
939 1410 1018 1459 esse
1038 1393 1222 1479 tumultum,

357 1493 438 1562 Cum
458 1499 597 1564 Mavors
620 1497 738 1563 dubias
759 1496 878 1561 miscet
898 1496 1059 1581 utrimque
1081 1514 1238 1586 manus:-

256 1653 264 1668 .
314 1594 496 1664 Praetereo
519 1599 668 1666 domibus
691 1600 851 1664 dammam
873 1584 1086 1684 domibusque
1109 1603 1239 1685 ruinas,

271 1712 299 1756 1⁰
357 1701 433 1765 Neu
454 1703 595 1768 subeant
616 1702 719 1767 labris
742 1700 859 1786 pocula
879 1701 978 1787 nigro
999 1703 1080 1766 tuis!

315 1799 417 1870 Solus
440 1822 555 1870 amans
578 1807 687 1882 novit,
710 1802 840 1890 quando
862 1807 1026 1889 perituros
1050 1811 1083 1870 et
1099 1821 1127 1870 a
1149 1822 1218 1892 qua

356 1906 484 1994 Morte,
502 1926 610 1994 neque
630 1907 685 1974 hic
703 1908 835 1973 Boreae
856 1909 958 1974 dabra
980 1924 1089 1992 neque
1110 1925 1205 1973 arma
1224 1908 1316 1973 timet

314 2003 386 2073 Iam
405 2009 484 2076 licet
506 2019 539 2077 et
553 2011 683 2100 Stygia
706 2010 825 2077 sedeat
847 2012 907 2076 sub
931 2010 1091 2077 arundine
1109 2029 1239 2098 remex,

360 2111 484 2179 Cernat
506 2121 539 2181 et
561 2117 710 2181 infernae
731 2116 842 2180 tristia
866 2114 942 2179 vela
964 2116 1064 2203 ratis:
1096 2141 1098 2144 ’

275 2205 300 2266 ¹⁵
317 2209 359 2280 Si
379 2212 474 2279 modo
496 2214 682 2281 damnatum
703 2216 916 2281 revocaverit
938 2232 1022 2280 aura
1042 2215 1188 2302 puellae,

360 2317 564 2388 Concessum
579 2322 673 2387 'nulla
692 2321 772 2412 lege
793 2320 915 2388 redibit
935 2323 1009 2388 iter.

727 2532 889 2608 xxuu.

318 2662 500 2768 luppiter,
522 2685 665 2750 affectae
685 2682 821 2750 tandem
844 2679 1005 2749 miserere
1026 2681 1175 2770 puellae:

362 2787 444 2853 Tam
466 2787 610 2854 formosa
631 2794 721 2854 tuum
741 2794 869 2854 mortue
891 2789 1013 2852 crimen
1035 2789 1107 2853 erit.

282 2905 290 2932 ‘
318 2889 420 2957 Venit
439 2895 524 2957 enim
545 2897 692 2975 tempus,
713 2908 776 2976 quo
796 2888 942 2955 torridus
963 2895 1098 2956 aestuat
1120 2907 1193 2974 aer,

361 2989 480 3077 Incipit
502 2999 536 3058 et
557 2995 646 3058 sicco
669 2993 802 3057 fervere
823 2999 914 3058 terra
936 2990 1040 3058 Cane.

364 3197 472 3282 Quam
491 3202 614 3267 totiens
636 3205 773 3265 sanctos
795 3219 859 3265 non
881 3197 1042 3264 habuisse
1064 3197 1157 3266 deos.

328 3429 460 3482 XXVII.
492 3469 512 3500 „
525 3433 584 3483 Uos
600 3448 657 3484 cum
679 3439 815 3500 comestore
831 3449 856 3491 u.
871 3430 921 3488 c.“
940 3433 1017 3486 Poro.
1052 3433 1111 3501 „lo
1135 3433 1223 3485 oodr'cc
1244 3435 1335 3500 uotique

278 3532 333 3569 orno
356 3525 395 3569 ost
417 3515 481 3569 hoec
506 3518 587 3583 cieyio
611 3534 668 3569 com
691 3517 853 3585 coopertorc“
873 3520 903 3572 P.
976 3524 1000 3572 1.
1018 3517 1053 3569 At
1073 3533 1160 3568 omues
1179 3526 1283 3586 practer
1302 3519 1334 3582 (1.,

279 3608 325 3670 qui
340 3605 465 3656 omissum
482 3619 499 3654 o
517 3601 683 3655 rubricatori?
701 3603 802 3656 caditat
819 3607 933 3671 primum
954 3605 1080 3654 ir'tterom.
1158 3607 1184 3659 3.
1203 3616 1293 3655 serena
1307 3602 1335 3653 H.

280 3694 305 3744 5.
323 3692 459 3758 sequimur
476 3691 512 3745 N.
527 3687 579 3740 Hb.
599 3691 634 3741 n.
653 3691 685 3746 Δ.
763 3695 790 3744 7.
808 3690 887 3742 fletus
905 3691 940 3742 N.
960 3695 1014 3756 H.‚
1040 3685 1135 3738 flemus
1153 3703 1178 3740 r.
1197 3689 1230 3738 D.
1253 3688 1280 3743 V.
1295 3685 1334 3749 II,

279 3775 377 3832 fluctus
395 3771 559 3854 pamfli„
579 3773 614 3822 od
632 3789 716 3841 morq.
736 3776 793 3842 „ud
812 3771 939 3826 flemus.“
959 3778 1038 3840 caput
1058 3775 1092 3827 N.
1153 3774 1179 3827 8.
1199 3771 1296 3838 utrique
1308 3769 1334 3818 n.

278 3868 305 3914 9.
322 3858 416 3912 flama·
435 3863 468 3913 G.
480 3859 511 3912 P.
530 3859 633 3911 ruinam
651 3875 694 3926 pr.
712 3876 746 3915 m.
761 3857 815 3912 Hb.
830 3875 855 3914 r.
870 3875 908 3924 o.‚
927 3857 1016 3925 ruinas
1037 3856 1069 3911 Υ.
1130 3861 1172 3910 10.
1190 3857 1250 3908 Heu
1269 3855 1297 3905 G.
1309 3867 1335 3916 c,

279 3947 340 3998 Non
356 3944 428 4013 Hic,
455 3945 497 3996 Ne
513 3947 551 4000 H.
628 3949 670 4001 ll.
690 3941 808 4011 qnando]
830 3941 873 4013 quir
898 3944 960 4007 (sic)
982 3942 1014 3998 V.
1041 3958 1111 4010 aqua
1128 3946 1165 3994 N.
1202 3966 1204 3970 ·
1241 3945 1279 3992 12.
1298 3938 1336 3987 bo·

220 3154 223 3159 .
289 3091 393 3164 ⁶Sed
414 3114 480 3162 non
500 3101 568 3161 tam
588 3093 718 3162 ardoris
741 3096 837 3182 culpo
858 3102 911 3161 est
933 3112 1041 3180 neque
1062 3095 1198 3162 crimina
1220 3093 1307 3177 caci,
1389 3149 1390 3156 ,

279 4047 358 4084 raeae
375 4033 410 4087 N.
426 4030 511 4096 flagra
527 4030 606 4086 D.V.
624 4045 672 4082 uec
690 4045 763 4081 arma
779 4031 813 4082 G.
878 4036 919 4084 13.
939 4028 1000 4098 sub]
1020 4029 1053 4081 ab
1068 4031 1109 4082 M.
1180 4031 1223 4086 1⁵.
1241 4027 1336 4078 damna·
1389 4015 1390 4028 ¹

280 4116 349 4186 tum]
367 4115 504 4174 clamantis
521 4116 557 4170 N.
576 4120 611 4174 n.
627 4115 681 4170 HI.
700 4117 733 4169 A.
752 4114 887 4169 revocavit
903 4119 941 4168 H.
1012 4120 1055 4167 16.
1075 4112 1156 4166 nullis
1174 4113 1248 4166 Pers.

347 4227 481 4297 XXVIII,
500 4233 526 4281 2.
552 4229 632 4280 Haud
648 4228 729 4294 facilc
744 4227 861 4294 diceris,
888 4226 942 4280 iam
960 4241 996 4277 oo
1015 4231 1068 4277 tam
1088 4225 1161 4291 lcqos
1177 4228 1212 4279 N.
1235 4211 1335 4281 mortno]

280 4313 416 4380 glorian.
485 4321 513 4369 3.
531 4314 632 4366 toribus
648 4314 680 4368 V.
746 4313 774 4365 1.
793 4311 929 4381 incipiunt
946 4311 1019 4366 sicca
1036 4309 1140 4367 fervere
1157 4323 1219 4362 rurs
1235 4318 1293 4360 cane
1308 4299 1335 4351 G·

280 4403 307 4454 5.
324 4399 379 4453 Sed
396 4414 447 4453 nec
465 4399 499 4452 G.
516 4402 554 4455 H.
577 4396 688 4450 crimino
704 4393 759 4452 Hb.
791 4420 793 4428 ¹
