2834 4972
238 321 286 404 16
308 363 312 372 ·
564 346 755 409 Quaestionum
772 345 854 405 Liber
869 346 996 441 primus.»

338 520 402 585 Hoc
422 520 515 603 igitur
535 530 681 604 tempore,
710 536 769 604 quo
789 521 968 605 perpetius
990 536 1054 584 cnm
1073 520 1192 587 Peribis
1215 541 1301 604 qnam

236 621 319 668 arma
340 617 444 670 contra
464 626 516 672 ens
537 618 618 672 mota
637 607 826 685 riderentur,
849 607 908 672 duo
928 607 984 670 iila
1003 607 1136 672 carmina
1156 607 1301 674 inferiore
1355 660 1358 665 .

237 707 303 754 esse
338 694 500 772 colligitur.
554 693 659 776 itaque
696 695 767 756 anni
799 694 913 759 demum
946 693 1021 758 732.
1052 694 1138 759 initio
1170 712 1300 760 amorem

235 775 379 854 Cynthiae
405 779 529 842 desiisse
557 790 586 844 et
613 781 695 843 eires
719 779 799 845 idem
825 787 938 863 tempas
961 778 1010 843 ΕΙ.
1032 777 1094 856 ΠΙ,
1121 781 1173 844 24.
1195 788 1225 844 et
1247 782 1299 846 25.

234 863 360 944 scriptas
387 882 453 928 esse
478 863 665 929 statuendum
691 873 746 929 est.
788 865 919 944 Quorum
944 863 976 928 iu
1001 863 1100 930 altera
1121 882 1186 928 cnm
1205 885 1246 931 ss.
1266 870 1298 932 3.

235 943 329 1012 dicet:
352 950 525 1032 Quinque
552 951 628 1015 tibi
654 951 763 1034 potui
792 952 941 1016 seruire
962 947 1148 1014 iideliter
1168 968 1297 1028 annos,

231 1031 301 1096 bnic
323 1033 541 1112 siaddideris,
563 1035 642 1118 quod
664 1035 863 1113 Ε1.111,16,
884 1039 915 1102 0.
936 1035 995 1100 ait:
1017 1033 1218 1100 Peccaram
1241 1053 1297 1099 se·

231 1119 301 1180 mel
323 1129 358 1184 et
378 1131 493 1185 totum
515 1140 589 1184 sum
609 1120 741 1205 pulsus
761 1121 799 1184 in
821 1138 962 1198 annum,
983 1131 1152 1204 computato
1170 1121 1295 1185 discidio

232 1220 296 1268 sex
316 1223 408 1270 annos
429 1208 567 1271 habemns
590 1208 700 1272 amoris
721 1208 865 1286 integros.
905 1207 980 1271 Nam
998 1206 1078 1288 quod
1091 1208 1297 1271 Lachmarnus

231 1289 342 1370 (praei.
358 1292 481 1373 XXVI.)
505 1311 557 1357 eos
578 1311 687 1370 sonos,
709 1293 760 1375 qni
779 1293 855 1356 illud
878 1289 1033 1356 discidium
1053 1296 1298 1376 praecessissent,

230 1376 355 1440 omissos
378 1397 444 1443 esse
465 1379 553 1456 dicit,
575 1379 607 1442 id
628 1389 709 1444 certe
729 1395 789 1441 nou
811 1378 939 1462 quadrat
960 1395 1025 1441 oum
1046 1382 1144 1443 animo
1167 1381 1244 1444 iroto
1268 1387 1298 1443 et
1357 1407 1360 1414 ¹

228 1461 330 1524 oiiicia
351 1483 406 1527 sua
425 1467 641 1547 exprobrante:
665 1474 695 1530 et
717 1462 820 1529 bercle
839 1465 926 1530 nobis
948 1464 1065 1546 quidem
1085 1467 1144 1529 iam
1168 1467 1296 1549 quinque

145 1551 151 1560 '
228 1548 300 1609 anni
325 1550 394 1613 talis
419 1553 533 1616 servitii
559 1552 677 1614 nimium
701 1549 851 1628 ridentur,
878 1549 986 1615 nedum
1015 1558 1083 1614 octo
1110 1551 1142 1615 id
1171 1552 1296 1615 durasse

147 1697 150 1704 f
226 1633 392 1701 credemus.
439 1637 514 1701 Nam
541 1637 745 1699 triennium
774 1644 842 1701 ante
870 1635 1026 1700 discidium
1052 1635 1113 1699 iam
1142 1636 1296 1719 Gpntbiam

226 1737 342 1784 amasse
360 1739 393 1785 se
412 1722 478 1804 ipse
498 1722 582 1785 testis
604 1733 649 1788 est
669 1719 717 1784 ΕΙ.
730 1721 785 1799 111,
807 1722 991 1804 15,9.sqq.,
1012 1721 1065 1784 ubi
1085 1725 1186 1787 statim
1206 1740 1296 1807 pree·

223 1813 308 1872 texta
329 1806 466 1890 deposita
485 1808 517 1870 iu
537 1825 666 1872 amorem
687 1807 837 1889 Lycinnae
857 1809 975 1876 senisse
998 1825 1031 1871 se
1051 1808 1102 1873 ait.
1143 1809 1194 1876 Ex
1218 1826 1293 1894 quo:
1377 1869 1380 1874 .

326 1921 857 2044 redd‘⁰⁸25d2‘m3m21'i'ffssffwff'p
865 1938 943 2043 prepensis
958 1919 1065 1975 arator
1081 1937 1206 1993 annas,

386 2007 457 2044 imm
604 2008 690 2044 16111·
857 2009 870 2044 e
926 2029 934 2045 ι

329 2061 456 2113 Genetes
478 2067 558 2110 tone
580 2061 752 2126 sepelivit
776 2075 887 2113 emor:
903 2074 951 2112 nec
966 2061 1064 2131 [mnino
1080 2067 1143 2132 post
1162 2067 1192 2116 ie

318 2139 322 2154 ·
363 2129 426 2180 Utin
442 2128 513 2180 dedit
530 2129 597 2179 cotto
614 2129 703 2181 deicio
719 2129 806 2180 otreio
824 2143 890 2185 meo.

322 2229 406 2308 Quae
424 2239 493 2312 poet
514 2247 578 2293 enm
599 2248 715 2309 annum,
735 2248 793 2314 qno
813 2231 916 2314 palens
933 2232 1048 2313 inisset,
1069 2235 1205 2301 scribere
1227 2253 1291 2300 eum

219 2335 279 2381 non
299 2334 437 2380 ausuram
456 2315 565 2393 inisse,
585 2316 792 2380 Lachmannus
811 2327 893 2382 recte
912 2319 1025 2384 indicat
1045 2321 1147 2404 (1.1.).
1191 2323 1292 2386 Habe-

219 2421 283 2466 mus
310 2403 405 2484 igitur
437 2400 556 2465 discidii
584 2420 691 2466 anunm
718 2408 808 2480 720,
841 2404 893 2488 qni
921 2405 1030 2488 optime
1061 2425 1126 2471 cum
1155 2416 1290 2491 tempore

217 2488 266 2554 El.
285 2487 330 2570 11,
352 2492 402 2553 10.
423 2488 567 2565 concinit,
588 2507 674 2570 quam
696 2507 732 2553 eo
757 2490 824 2571 ipso
846 2508 923 2554 anno
945 2495 1115 2563 necessario
1139 2496 1289 2577 composi·
1340 2543 1345 2552 ,

217 2583 276 2639 tam
298 2592 363 2637 esse
382 2574 464 2638 inire
485 2573 749 2639 demonstrabimus
764 2577 846 2654 (Lib.
858 2575 911 2642 111.
931 2577 1005 2660 Gap.
1019 2578 1087 2660 Π.).
1113 2577 1288 2645 Triennium

216 2679 276 2723 non
298 2661 459 2738 biennium,
487 2661 564 2725 eicnt
583 2661 788 2725 Laebmsnnns
810 2671 916 2726 contro
936 2662 1031 2746 ipsias
1053 2673 1289 2748 pottaeancto·

216 2747 333 2810 ritatem
356 2747 393 2827 (Ι.
412 2746 434 2811 Ι.
455 2765 483 2812 a.
504 2748 570 2829 19.)
591 2747 667 2824 vult,
687 2756 721 2813 nt
740 2766 871 2812 amorem
892 2747 962 2812 ente
981 2749 1288 2817 discidiumualuisse

217 2841 395 2911 statuamus,
415 2840 575 2916 praeterea
593 2831 642 2897 ΕΙ.
662 2833 709 2911 11,
729 2837 788 2911 18,
810 2837 862 2900 lt.
884 2833 1003 2911 suadet,
1028 2837 1082 2900 ubi
1103 2853 1169 2901 enm
1189 2837 1286 2902 dicat:

387 2943 476 3011 Erpa,
495 2949 551 2996 torn
567 2943 696 2997 mattos
714 2945 820 2996 nimiam
836 2949 993 2996 temerarius
1010 2958 1130 3015 nenos,

419 3011 554 3080 improbo,
572 3014 616 3082 poi
632 3013 737 3064 tulerim
753 3020 826 3081 tepere
842 3019 962 3079 tuomque
977 3011 1081 3067 domam

161 3122 165 3129 .
277 3083 281 3090 ‘
387 3081 562 3148 ldeprrcrrdoce
577 3081 626 3134 tibi
641 3079 707 3133 liber
723 3097 782 3132 sam
800 3075 894 3133 mansi
910 3106 945 3122 -

217 3171 312 3238 duos
338 3193 454 3238 annos
482 3185 553 3240 tem
579 3176 714 3240 multos
738 3175 839 3240 dicere
861 3175 912 3241 rix
931 3176 1073 3259 potuerit.

316 3259 362 3324 lta
379 3261 428 3338 it,
448 3268 482 3325 ut
500 3262 613 3325 initium
636 3261 746 3325 amoris
769 3279 846 3325 anno
867 3265 942 3327 726.
963 3261 1055 3344 idque
1074 3262 1188 3330 aestino
1209 3271 1285 3329 tem-

214 3345 283 3428 pori
301 3347 384 3420 (coli.
397 3346 446 3410 ΕΙ.
461 3347 513 3424 ΗΙ,
527 3351 578 3424 20,
595 3351 646 3413 11.
665 3347 751 3411 Libr.
763 3347 818 3411 111.
839 3347 912 3430 Cap.
927 3346 996 3427 ΙΙΙ.)
1009 3348 1196 3415 tribuendum
1216 3367 1285 3415 esse

214 3430 361 3497 uideatur.
401 3434 478 3497 Ante
496 3451 581 3516 quem
598 3434 626 3497 si
644 3451 710 3498 enm
722 3433 855 3516 Lycinna
871 3451 928 3517 per
945 3433 1095 3498 biennium
1111 3455 1196 3502 nsum
1215 3452 1284 3502 esse

201 3635 356 3710 ¹petitione,
376 3643 408 3692 ut
424 3637 469 3706 qni
492 3639 545 3693 iam
562 3641 639 3697 an.
655 3641 716 3698 724.
732 3639 766 3692 sd
783 3638 931 3706 Augustum
949 3637 977 3691 in
994 3638 1097 3703 Syriam
1116 3638 1284 3712 confugisset

212 3703 260 3771 (ci.
279 3706 330 3758 Dio
347 3709 399 3776 LI,
418 3708 491 3776 16),
515 3710 619 3764 videtur
636 3707 797 3763 confudisse.
831 3709 888 3761 Nos
903 3712 984 3760 certa
1006 3707 1102 3760 Dionis
1126 3704 1283 3762 testimonis

211 3778 290 3841 quarn
315 3775 471 3830 oscitantem
495 3793 686 3846 saepenumero
705 3777 789 3842 Trogi
812 3776 1013 3844 epitomatorem
1034 3776 1283 3844 requisierimus,

209 3844 366 3922 praesertim
384 3862 442 3898 cunr
467 3846 563 3914 reliqui
584 3863 674 3901 rerum
697 3851 835 3913 auctores,
862 3844 908 3912 qui
931 3842 1009 3896 huius
1031 3845 1095 3898 iacti
1117 3845 1283 3898 mentionem

207 3909 357 3964 uniicientes
379 3917 571 3982 praetereundo
597 3922 699 3969 tantam
722 3929 778 3967 rem
802 3920 1042 3966 commemorarunt
1059 3911 1107 3980 (oi.
1123 3915 1198 3967 Suet.
1219 3912 1283 3962 Oct.

208 3981 253 4033 21.
280 3979 374 4036 Vellei.
405 3983 466 4036 Par.
489 3986 533 4052 ΙΙ,
558 3986 603 4037 01.
644 3983 752 4052 Ioseph.
773 3982 883 4046 xvsti,
905 3986 932 4038 3.
968 3980 1056 4037 Tacit.
1080 3985 1151 4039 dun.
1179 3981 1224 4047 11,
1251 3982 1277 4031 Ι.

208 4045 283 4114 Epit
309 4045 369 4102 Lis.
393 4052 411 4107 1.
430 4052 492 4118 0.),
524 4052 558 4104 ad
587 4049 660 4106 varia
687 4056 838 4104 commeate
864 4049 920 4106 VV.
940 4047 1002 4102 ΙΙΙ).
1023 4048 1186 4103 induxerint.
1234 4043 1280 4096 Cf·

208 4114 268 4168 Iani
299 4118 333 4169 ad
356 4118 453 4173 Horat.
474 4122 525 4176 0d.
549 4121 579 4188 1,
602 4125 645 4176 26.
668 4135 771 4185 argum.
818 4116 943 4172 Vaillsnt.
965 4118 1150 4172 Arsacidarum
1175 4120 1278 4184 Imper.

207 4181 242 4238 Τ.
260 4185 290 4250 Ι,
309 4203 336 4252 p.
356 4190 414 4242 170.
433 4205 490 4270 sqq.
521 4186 638 4242 Schmid.
657 4190 690 4242 ad
708 4189 775 4240 Hor.
794 4185 963 4254 Epp.1,12‚
982 4191 1024 4242 21.
1046 4187 1080 4243 Τ.
1097 4194 1124 4241 9.
1156 4185 1278 4239 Lindnet

203 4247 238 4301 ‘¹0
252 4252 397 4318 teignornrn
419 4256 573 4311 militarium
592 4258 712 4322 Angusto
734 4262 862 4326 poscente
889 4255 960 4308 iacto
986 4253 1164 4314 restitutione.
1187 4252 1276 4310 Ami·

201 4324 280 4375 1765.
304 4324 327 4376 1.
345 4323 381 4380 H.
401 4325 480 4380 Voss.
498 4327 533 4379 sd
552 4324 625 4392 virg.
643 4327 742 4393 Georg.
758 4326 801 4393 11,
820 4328 879 4380 107.
898 4324 956 4394 ΙΙΙ,
973 4327 1018 4380 26.
