2822 4976
277 421 319 528 dli
427 513 429 522 .
564 409 777 482 PROPERTII
797 411 859 476 ΕΙ..
879 413 909 489 1,
932 412 982 478 15.
1004 411 1053 478 16.

364 580 511 667 Occidit,
530 584 682 680 Argiuae
700 583 789 648 lama
808 581 1006 670 pudicitiae.

324 679 468 766 Quarum
487 683 576 750 nulla
597 690 673 749 tuos
695 685 801 769 potuit
823 689 1019 749 convertere
1037 700 1157 768 monce,

366 786 417 853 'l'u
439 767 568 872 quoque
590 788 638 852 uti
658 785 757 852 lieres
779 786 898 850 nobilis
921 783 1071 852 historia.

278 897 305 944 ¹⁶
321 885 451 954 Desine
471 891 537 956 iam
558 905 719 956 revocare
739 890 805 954 tuis
825 890 968 974 periuria
985 889 1110 970 verbis,

365 990 526 1077 Cynthia,
548 999 582 1058 et
602 993 719 1059 oblitos
740 1008 842 1078 parce
863 1007 997 1056 movere
1021 990 1122 1057 deos:

323 1093 463 1180 Audax,
484 1095 527 1162 alr
550 1098 680 1162 nimium
701 1102 815 1161 nostro
838 1092 979 1161 dolitura
997 1094 1131 1180 periclo,

366 1197 408 1267 Si
428 1197 505 1284 quid
525 1199 611 1264 forte
630 1200 689 1264 tibi
712 1197 827 1262 durius
849 1195 1011 1263 inciderit.

324 1299 424 1366 Nulla
443 1301 535 1386 prius
555 1305 654 1366 vasto
675 1299 827 1366 labentur
844 1298 975 1363 flumina
995 1301 1106 1383 ponto,

280 1413 308 1458 ³⁰
367 1403 484 1495 Annus
507 1410 542 1470 et
560 1405 717 1469 inversas
739 1401 869 1470 duxerit
888 1409 964 1468 ante
981 1401 1089 1483 vices,

324 1501 430 1588 Quam
451 1512 509 1572 tua
530 1508 591 1573 sub
612 1513 727 1574 nostro
748 1513 889 1574 mutetur
910 1513 1043 1592 pectore
1065 1521 1162 1571 cura:

276 1614 283 1624 '
367 1608 428 1678 Sis
449 1610 673 1696 quodcumque
692 1611 806 1691 voles,
826 1629 892 1675 non
911 1609 1021 1673 aliena
1041 1614 1172 1690 tamen;

325 1705 431 1791 Quam
450 1709 530 1778 mihi
548 1729 614 1778 nae
631 1712 717 1777 viles
739 1712 797 1777 isti
814 1709 989 1775 videantur
1008 1708 1114 1790 ocelli,

364 1809 431 1876 Per
450 1829 533 1896 quos
556 1827 660 1896 saepe
679 1809 756 1876 mihi
780 1809 904 1876 creditu
925 1807 1063 1895 perfidia
1084 1813 1149 1873 est.

279 1921 306 1968 ³⁵
324 1910 399 1978 Hos
418 1918 454 1977 tu
472 1913 625 1996 iurabas,
649 1915 680 1978 si
702 1911 777 1999 quid
800 1914 935 1979 mentita
954 1913 1093 1996 fuisses,

365 2013 412 2081 Ut
432 2015 491 2080 tibi
514 2017 698 2100 suppositis
720 2015 915 2082 exciderent
935 2015 1101 2080 manibus:

322 2116 371 2187 Et
387 2125 501 2184 contra
522 2137 678 2207 magnum
698 2126 794 2204 potes
813 2119 875 2185 hos
897 2119 1050 2184 attollere
1071 2117 1189 2202 solem,

327 2255 330 2260 ·
364 2223 439 2287 Nec
459 2224 572 2288 tremis
595 2221 766 2287 admissae
786 2223 922 2288 conscia
943 2216 1137 2306 nequitiae?

323 2320 409 2406 Quis
428 2331 464 2390 te
483 2325 628 2414 cogebat
648 2325 765 2392 multos
788 2325 913 2412 pallere
932 2323 1062 2390 colores

280 2439 308 2484 ⁴⁰
368 2425 417 2494 Et
436 2421 684 2495 fletuminvitis
704 2427 825 2495 ducere
843 2422 1042 2494 luminibus?

323 2524 407 2610 Quis
430 2549 494 2618 ego
513 2549 599 2597 nunc
620 2549 740 2617 pereo,
762 2531 887 2597 similes
906 2533 1089 2597 moniturus
1111 2537 1263 2597 amantes

364 2630 424 2718 „0
446 2633 545 2700 nullis
565 2639 670 2702 tutum
692 2633 828 2702 credere
849 2633 1052 2704 blanditiis.“

768 2824 866 2900 XVI.

325 2942 442 3053 Quae
462 2965 590 3033 fueram
610 2968 742 3057 magnis
764 2963 839 3034 olim
860 2967 1030 3053 patefacta
1050 2965 1237 3052 triumphis,

365 3066 471 3134 lanua
491 3071 659 3156 Tarpeiae
679 3077 760 3138 nota
781 3070 974 3157 pudicitiae,

322 3166 427 3236 Cuius
447 3174 592 3240 inaurati
614 3169 822 3241 celebiarunt
845 3174 954 3252 limina
976 3191 1093 3238 currus

365 3269 542 3358 Captorum
562 3275 708 3343 lacrimis
729 3274 863 3340 humida
884 3275 1101 3361 supplicibus,

294 3376 421 3440 riuum
444 3393 526 3464 ego,
547 3381 717 3445 nocturnis
740 3386 888 3465 potorum
911 3379 1026 3444 saucia
1048 3379 1145 3460 rixis,

320 3562 325 3570 θ
364 3477 502 3544 Pulsata
522 3480 668 3571 indignis
690 3499 795 3567 saepe
817 3499 938 3568 queror
961 3482 1125 3562 manibuS,

323 3575 373 3646 lu
393 3577 472 3644 milri
494 3599 558 3647 non
581 3581 701 3651 desunt
722 3589 836 3670 turpes
859 3580 1005 3668 pendere
1026 3581 1171 3648 corollae

350 3786 393 3839 22.
409 3782 516 3850 pirama.
584 3789 627 3844 24.
646 3786 700 3856 uti]
717 3791 748 3839 nt
764 3789 799 3839 D.
821 3786 940 3852 hystoria
957 3788 994 3842 Ν.
1062 3790 1106 3839 21.
1125 3784 1160 3839 lua
1177 3783 1246 3854 Hi„
1268 3783 1289 3838 e'
1303 3783 1333 3834 ll

281 3869 326 3922 29.
343 3866 429 3918 Multa
449 3869 483 3920 G.
501 3873 538 3926 Ν.
556 3872 590 3929 lt.
608 3871 662 3940 Hb.
680 3873 729 3935 A„
781 3872 933 3927 dissimula
950 3875 985 3930 D.
1003 3872 1059 3928 Hc,
1076 3875 1118 3926 Μ.
1188 3879 1231 3929 33.
1249 3871 1291 3925 tibi
1306 3869 1332 3921 ll.

281 3949 335 4008 Hi.
350 3953 385 4008 D.
401 3955 441 4006 Μ.
462 3956 507 4023 V„
527 3958 646 4012 Quamne
663 3956 728 4009 mihi
746 3975 788 4024 ιι,
807 3960 892 4014 Quam
911 3959 960 4012 tibi
979 3945 1021 4011 rna
1039 3965 1076 4012 ΙΙ.
1095 3975 1131 4033 ne
1146 3959 1238 4027 reliqui
1255 3968 1334 4017 omoer,

281 4053 333 4090 nae
351 4038 428 4094 Perr.
451 4036 514 4104 (vol
534 4043 677 4110 adscripsit
699 4059 776 4095 cerus
800 4044 952 4116 Percotes),
976 4063 1028 4098 nae
1044 4045 1077 4100 Ρ.
1160 4048 1203 4098 34.
1227 4045 1300 4096 multa
1313 4053 1332 4088 r·
1382 4059 1383 4104 p

281 4119 455 4175 mlitiosam
477 4121 620 4188 perfidae.
689 4131 730 4180 36.
749 4125 905 4180 exciderint.
977 4134 1021 4182 37.
1043 4144 1072 4180 os
1089 4129 1129 4184 Μ.
1154 4126 1332 4182 attulere'ffl·
1382 4109 1383 4145 ³

281 4207 325 4260 38.
343 4205 461 4257 admisce
477 4222 502 4260 r.
566 4214 623 4282 Κ39.
643 4211 714 4267 Quid
733 4213 772 4266 M.
851 4211 1070 4270 to.initis11c.
1149 4218 1192 4270 41.
1215 4211 1290 4272 0110ss
1306 4221 1333 4268 ln

283 4289 350 4346 Quin
368 4293 408 4342 Μ.
432 4293 463 4345 V.
475 4297 512 4346 H.
530 4294 673 4348 morilurn's
691 4313 734 4363 pr.
753 4313 789 4353 m.
807 4298 845 4352 Ν.

353 4375 432 4444 xvi,
449 4382 475 4432 2.
492 4375 638 4458 ¹pudititiao
656 4376 710 4432 lid.
