2834 4972
388 381 477 454 Caput
495 383 542 438 VI.
577 381 620 436 De
636 381 770 452 Propertii
789 383 933 442 amoribus.
1060 411 1062 418 s
1143 377 1194 456 35
1286 391 1293 400 “

119 557 294 641 potissimam
311 554 511 638 disputatione
526 557 694 639 apparebit.
737 557 778 620 At
793 557 910 636 marita,
929 559 1053 626 obiiciat
1070 563 1191 648 aliquis,

118 649 185 726 ipsa¹
198 644 306 708 Hostia
325 643 385 705 iam
406 643 484 706 alins
509 644 578 706 luit.
620 643 730 708 Verum
751 660 789 705 ne
810 645 866 707 hoo
886 647 1005 726 quidem
1025 652 1188 715 coneeden-

119 731 205 794 elom.¹
235 729 390 807 Quomodo
412 729 488 791 eninr
508 738 569 792 tum
595 737 686 810 poeta
706 727 827 805 laesae,
852 749 940 812 qaam
960 733 1079 797 laturae
1101 739 1187 801 uxori

117 817 251 892 deberet,
283 814 355 879 fidei
386 814 562 896 vituperium
596 825 735 896 tanquam
765 816 876 879 crimen
905 837 925 881 a
953 836 986 882 se
1014 825 1187 890 averteret?

115 904 186 967 llanr
204 900 287 986 quod
308 920 351 966 vs.
373 905 404 966 9.
428 905 479 966 lo.
501 901 651 982 queritur:
1170 919 1173 921 ·

312 1022 366 1074 Aet
384 1036 429 1088 epo
447 1021 589 1073 terrestrem
606 1027 655 1072 tao
672 1021 763 1072 limiae
780 1022 874 1073 cirrose
890 1023 1012 1094 maritae,

346 1091 499 1158 Respiciens
516 1090 575 1141 odia
591 1089 700 1156 prodito
721 1089 861 1142 tamira'lraa
874 1117 910 1130 -··

111 1206 244 1288 prolecto
266 1205 324 1268 lroo
345 1223 405 1268 non
426 1205 566 1283 dixisset,
587 1206 613 1267 si
632 1207 727 1270 anion
746 1204 824 1268 idam
841 1205 939 1270 soelns
959 1207 1095 1291 qnotidie
1115 1209 1183 1276 lere

112 1295 202 1356 inse
232 1292 411 1355 admisisset.
460 1290 537 1371 Quid
571 1294 690 1373 porro?
733 1293 837 1355 Nonne
863 1294 930 1375 plns
957 1314 1045 1376 quana
1074 1297 1183 1362 malam

113 1381 245 1442 maritum
267 1378 395 1442 loturum
416 1376 509 1442 luisse
532 1375 680 1463 dicamas,
703 1377 730 1438 si
752 1378 861 1442 talibus
883 1381 914 1441 in
935 1383 1084 1463 nequitiis,
1106 1402 1181 1465 qna-

111 1465 153 1528 les
165 1465 292 1544 Cynthia
311 1464 492 1527 committere
512 1480 570 1525 non
588 1464 741 1538 dubitavit,
761 1464 955 1528 conniveret?
997 1467 1080 1532 Nihil
1102 1470 1180 1532 enim

111 1551 145 1614 ie
167 1551 295 1632 reliquis
322 1549 436 1625 eliaam,
463 1549 567 1631 qualia
592 1550 641 1613 vel
662 1549 794 1612 Corinna
821 1549 871 1614 vel
897 1550 1009 1615 Lesbia
1037 1563 1066 1617 et
1090 1553 1181 1618 Delia

110 1655 200 1700 ausae
229 1645 311 1700 sant:
344 1644 568 1718 praetorem
598 1635 697 1710 illum,
731 1653 817 1717 quem
845 1637 1006 1716 pretiosum
1035 1637 1179 1719 Cynthiae

109 1733 285 1798 amatorem,
311 1723 454 1804 pauperis
474 1722 624 1803 Propertii
648 1720 766 1786 ielioem
793 1721 938 1784 aemulam
958 1723 1052 1787 fnisse
1072 1743 1110 1789 ex
1128 1726 1176 1790 ΕΙ.

106 1806 505 1885 t,8.11‚16.tisninus,
530 1807 561 1869 in
588 1807 736 1886 lllyrionrn
765 1814 795 1871 et
823 1816 923 1872 oastra
951 1811 1087 1874 comitari
1114 1829 1177 1874 nra-

106 1897 162 1958 rita
183 1904 266 1957 oerte
287 1911 346 1956 non
367 1902 475 1957 oonata
497 1900 583 1956 esset.
626 1893 691 1956 lloa
715 1892 791 1958 enim
815 1910 880 1956 nam
903 1894 1004 1975 palam
1026 1899 1176 1961 moechari

106 1980 226 2057 inisset,
253 1979 359 2043 iudicii
383 1979 499 2060 puhlioi
527 1979 715 2043 severitatem
743 1995 803 2042 non
830 1979 993 2059 effugisset.
1043 1981 1122 2059 Neo,
1149 1983 1177 2046 si

106 2067 243 2148 qnaeris,
264 2067 327 2128 ullo
348 2066 418 2128 looo
441 2064 541 2129 mariti
563 2065 670 2129 mentio
692 2065 739 2141 lit,
758 2066 850 2146 longe
872 2064 991 2131 diversa
1011 2067 1049 2128 ab
1068 2067 1174 2134 0ridio

107 2162 135 2216 et
156 2151 285 2215 Tibullo
306 2153 440 2228 ratione,
467 2169 505 2215 ne
529 2149 593 2214 illio
621 2151 754 2233 quidem,
780 2153 834 2214 ulai
859 2153 971 2233 primus
993 2153 1038 2227 ei,
1067 2155 1094 2216 si
1121 2173 1176 2217 nn-

106 2257 192 2320 qnanr
212 2237 286 2313 luit,
311 2236 485 2302 tribuendas
511 2246 577 2300 erat
596 2237 698 2312 loeas,
727 2256 816 2319 qnam
841 2236 961 2301 dolores
990 2255 1060 2301 snos
1089 2243 1176 2303 eni-

105 2326 164 2386 mia
196 2323 305 2386 leriam
335 2324 454 2406 paellae
488 2340 600 2386 moram
636 2323 797 2387 tormidine
829 2333 989 2406 oonoeptos
1023 2322 1176 2391 describit.

103 2410 158 2474 llio
182 2408 625 2487 11111(ΕΙ.ΙΙ,6,7-14.)
651 2411 747 2492 pietas
771 2410 825 2474 ille
851 2410 962 2486 lanies,
989 2407 1112 2474 deorum
1133 2413 1176 2474 si-

103 2497 251 2570 mnlaora,
271 2503 404 2558 teneram
431 2503 460 2558 et
480 2496 512 2557 in
534 2496 616 2558 oanis
637 2497 734 2560 atino
755 2497 921 2575 vagientem
943 2513 1085 2577 puerum,
1111 2515 1175 2560 nra·

101 2591 192 2659 trem,
214 2597 367 2658 sororem,
390 2581 514 2644 aninam
535 2581 640 2644 timere
660 2600 693 2645 se
715 2581 774 2656 ait,
795 2582 894 2644 mariti
914 2599 952 2643 ne
973 2597 1032 2643 nno
1056 2582 1175 2664 quidem

101 2670 194 2731 verbo
221 2669 362 2732 meminit.
412 2665 474 2731 Neo
503 2675 584 2731 oerte
614 2668 706 2730 obiiai
736 2676 852 2751 potest,
879 2666 960 2749 quot
984 2666 1034 2732 ΕΙ.
1053 2668 1100 2749 ll,
1124 2672 1176 2750 18,

102 2753 227 2817 331111
803 2765 807 2772 ’

279 2851 362 2915 Qaam
377 2848 439 2916 tili,
460 2848 560 2920 inquit,
578 2865 625 2902 aen
640 2850 729 2917 frater
746 2866 793 2902 aer
808 2852 844 2902 stt
861 2847 909 2901 tili
924 2847 996 2912 tilios
1012 2849 1094 2920 allas,

307 2923 406 2972 Frater
423 2935 468 2986 epo
485 2927 511 2972 et
527 2920 575 2972 tili
591 2921 641 2970 sira
658 2917 730 2982 pilius
749 2935 818 2971 anos
835 2933 880 2985 epo
901 2943 937 2956 —-

102 3021 264 3087 fratrem
284 3023 501 3105 potiusquam
524 3025 696 3088 maritum
718 3041 837 3087 essese
857 3022 937 3087 velle
958 3021 1048 3088 dieat.
1090 3023 1176 3088 llnno

103 3110 177 3171 enim
205 3129 239 3174 se
265 3110 324 3172 ianr
354 3126 421 3174 esse
450 3112 581 3193 intelligi
608 3111 686 3187 volt,
714 3129 802 3192 quum
828 3110 875 3175 ΕΙ.
895 3111 942 3188 ΙΙ,
963 3114 1001 3190 6,
1021 3113 1074 3174 41.
1100 3112 1177 3174 liaeo

101 3195 190 3258 nteit:
973 3249 976 3256 .

276 3279 351 3332 Umor
369 3294 419 3331 aaa
435 3294 583 3346 praeparem,
602 3296 735 3348 aarrqaam
752 3281 854 3333 diducet
874 3279 971 3348 arrico,

291 3350 416 3414 Carpos·
433 3349 519 3399 amieo
537 3350 613 3415 aviti,
632 3364 734 3416 seraper
751 3357 777 3401 et
793 3366 865 3402 arnor
881 3350 944 3402 erio.

97 3467 135 3530 Ei
157 3475 259 3543 nerto,
281 3468 307 3528 si
329 3470 468 3548 qnaeris,
489 3478 593 3550 paetus
616 3479 681 3532 erat
701 3487 766 3532 oum
788 3468 914 3548 Cynthia
935 3464 1090 3548 sponsalia
1111 3465 1175 3542 (ΕΙ.

98 3554 159 3630 ΙΙΙ,
184 3557 350 3632 ao‚1n.),
379 3572 456 3634 quae
482 3555 530 3618 vel
558 3573 669 3618 saera
697 3555 837 3618 marita
865 3553 1021 3636 appellare
1042 3553 1084 3633 (v.
1107 3551 1176 3632 26.)

97 3657 156 3701 non
180 3639 306 3702 dubitat.
350 3639 425 3700 Nam
448 3658 486 3702 ea
507 3641 598 3704 verba
627 3659 737 3722 easque
762 3641 923 3716 formulas,
953 3656 1029 3720 qnae
1050 3639 1175 3720 proprie

96 3725 283 3805 pertinerent
305 3722 343 3786 nd
365 3726 473 3802 iustam
495 3727 724 3802 matrimonium,
747 3728 835 3790 etiam
858 3725 896 3790 ele
916 3725 1176 3804 inauspioatia

96 3811 253 3892 nuptiis
282 3810 393 3889 (Plani.
417 3810 517 3876 Casin.
543 3813 626 3878 Prot.
652 3833 679 3877 v.
698 3817 751 3877 81.
772 3811 854 3896 sqq.)
883 3811 997 3874 maiore
1023 3813 1175 3873 minoreve

96 3896 291 3960 cavillatione
320 3897 434 3978 passim
457 3909 602 3980 usurpata
630 3915 697 3962 esse
723 3909 793 3982 post
821 3899 979 3964 Graevinm
1010 3895 1063 3972 (at
1091 3895 1175 3968 Soet.

22 4061 23 4068 ἵ
97 3983 163 4048 Oct.
187 3998 213 4044 o.
233 3984 301 4059 69.)
324 3983 493 4046 llusolrkins
521 3985 623 4049 locuit
643 3985 678 4064 (Ι.
698 3986 720 4048 Ι.
742 4005 772 4068 p.
795 3985 897 4067 313.)
940 3983 995 4046 llis
1018 4000 1176 4061 argomen-

22 4093 23 4118 ³
96 4068 149 4145 ris,
172 4069 200 4132 si
224 4085 299 4150 opos
324 4086 390 4131 esse
411 4069 565 4147 videatur,
586 4071 664 4134 alde
684 4071 733 4135 ΕΙ.
754 4071 812 4148 lv,
834 4077 865 4136 7.
888 4069 940 4132 nbi
962 4068 1105 4148 Cynthiae
1127 4069 1174 4128 ln·

95 4173 169 4218 nera
196 4153 417 4220 deseribuntur.
459 4155 551 4220 Nulla
573 4159 621 4220 lrio
642 4167 777 4220 mortuae
799 4175 872 4220 onra
894 4156 936 4233 (v.
961 4159 1045 4232 23.),
1065 4171 1175 4233 pompa

93 4239 231 4306 funebris
252 4241 338 4303 nulla
359 4239 557 4322 (27-36.),
579 4243 662 4306 nnlla
680 4245 733 4326 pia
754 4246 825 4325 rogi
845 4241 1034 4306 observantia
1056 4244 1097 4312 (v.
1121 4242 1173 4301 31.

92 4329 158 4411 34.)
166 4373 179 4410 ,
207 4326 328 4412 qualern
354 4329 477 4410 oognati
499 4338 529 4395 et
548 4331 710 4413 propinqui
736 4329 789 4396 vel
813 4329 1005 4414 pauperrima
1025 4325 1063 4386 ‹le
1085 4322 1193 4404 plebe,

924 4429 971 4488 3*
