2834 4972
208 331 262 411 30
534 341 826 404 succensebamus
844 341 963 413 pernae·

209 521 281 605 qnia
300 512 395 584 Baiae
416 517 540 596 calidis,
561 518 684 583 Stabiae
706 514 820 598 gelidis
839 515 926 597 aquis
948 512 1148 592 excellerent,
1168 522 1200 579 et
1215 514 1279 580 llo·

208 608 303 672 ratius
326 607 413 684 (lior.
435 605 531 688 Epist.
552 604 582 681 l,
604 609 661 680 lb,
684 609 714 666 2.
735 605 815 686 sqq.)
845 602 948 666 eodem
975 602 1136 665 curationis
1165 619 1279 681 genere

208 693 351 776 adoptato
364 692 456 761 Baias
475 699 709 773 praeteruectum
730 707 762 752 se
781 707 847 752 esse
867 689 993 752 diceret:
1014 687 1201 769 Propertium
1219 689 1278 764 bic,

207 789 240 843 ut
268 797 382 842 omnem
410 779 608 858 suspicionem
635 795 655 839 a
679 776 767 839 Liria
794 782 958 849 auerteret,
989 774 1116 836 bumana
1150 772 1279 854 quodam

208 865 296 929 modo
325 866 405 946 piam
429 865 610 926 commisisse
636 861 772 925 fraudem
801 869 831 924 et
858 860 909 943 qui
931 859 1044 924 Stabiis
1073 859 1177 940 gelida
1198 877 1279 941 aqna

207 962 339 1014 mortuus
364 950 505 1012 dicendus
533 951 652 1023 luisset,
681 966 745 1011 cnm
766 947 849 1010 Baiis
876 964 955 1028 aqna
977 944 1077 1008 aalide
1097 944 1280 1010 subuersum

207 1038 319 1100 dixisse
341 1044 470 1098 accusat.
514 1032 580 1115 (Sic
602 1035 676 1097 enim
699 1052 781 1108 eam,
803 1051 890 1115 quam
909 1048 970 1095 non
989 1034 1059 1096 noui
1080 1022 1278 1111 εὐβλάβειαν

207 1125 398 1203 interpretor.
441 1123 487 1185 An
501 1121 581 1185 forte
594 1120 688 1185 uoluit
704 1111 881 1199 εὐλάβειαν
896 1118 1066 1199 scriberet)
1094 1118 1188 1194 Quasi
1204 1133 1278 1182 uero

208 1209 293 1273 diuiti
321 1217 351 1272 et
377 1209 565 1290 praepotenti
586 1207 718 1270 Romano
740 1207 790 1268 rel
810 1205 887 1268 inter
907 1203 1020 1266 medios
1042 1203 1156 1267 calidos
1178 1203 1278 1267 loutes

206 1293 385 1375 frigidarum
408 1311 550 1375 aqrrarnm
570 1293 768 1356 inlusionibus
789 1291 833 1354 oti
859 1308 917 1353 nou
943 1291 1090 1366 licuisset,
1119 1297 1169 1352 arnt
1191 1291 1278 1370 quasi
1316 1347 1318 1358 ,

206 1382 238 1444 iu
268 1389 351 1444 tauta
382 1379 464 1442 illius
493 1381 553 1443 uici
578 1379 752 1443 celebritate
776 1377 951 1459 Propertius
983 1385 1042 1439 tam
1067 1375 1145 1438 male
1172 1375 1276 1439 iuren-

205 1478 266 1532 tam
286 1465 416 1528 labulam
437 1465 551 1544 fingere
572 1484 661 1527 ausus
685 1464 799 1533 inisset.
841 1463 949 1526 Verum
973 1455 1070 1524 tamen
1094 1463 1277 1525 recentiores

207 1555 384 1634 interpretes
416 1553 517 1630 magni
548 1551 607 1614 riri
641 1549 752 1613 dictata
785 1549 888 1612 sedulo
922 1548 1075 1623 recinunt,
1109 1546 1158 1611 rel
1188 1547 1277 1624 adeo,

206 1649 331 1722 propter
356 1637 490 1716 frigidae
519 1636 650 1699 fortasse
683 1652 779 1717 aquae
808 1637 1126 1709 commemorationem,
1152 1635 1183 1695 in
1211 1635 1278 1696 sinu

204 1725 320 1790 Baiano
342 1723 522 1786 submersum
541 1723 634 1785 inisse
654 1719 792 1785 dixerunt
809 1721 962 1800 (Kninoel.
982 1721 1020 1784 ad
1036 1720 1090 1798 111,
1111 1722 1162 1785 18.
1182 1719 1275 1800 init).

208 1813 290 1890 Quos
309 1819 392 1872 recta
413 1809 476 1870 eius
497 1808 635 1872 carminis
656 1809 901 1889 interpretatione
922 1807 1013 1871 facile
1034 1805 1178 1888 redargui
1197 1823 1279 1871 com·

203 1896 341 1962 mentarii
360 1894 455 1958 nostri
477 1893 516 1956 ad
539 1913 565 1958 e.
586 1894 609 1958 l.
631 1893 787 1957 docebunt.

315 1981 378 2045 Nos
405 1981 505 2063 potins
534 1997 599 2043 cuns
624 1980 673 2043 uel
705 1981 772 2062 ipso
800 1995 837 2042 eo
861 1987 996 2060 tempore
1022 1987 1161 2054 mortem,
1191 1977 1276 2041 cuius

204 2069 260 2132 alii
287 2085 405 2131 causam
431 2067 548 2130 Liuiam
573 2076 603 2130 et
630 2066 783 2130 'liberium
812 2065 1078 2141 circumferebant,
1111 2065 1166 2127 alii
1195 2065 1275 2128 coeli

202 2155 352 2237 grauitate
373 2153 436 2216 eius
459 2155 528 2215 anni
553 2153 663 2233 insigni
684 2150 830 2215 accidisse
853 2161 1021 2228 censerent,
1047 2150 1276 2233 prudentissime

204 2250 235 2305 et
254 2241 363 2321 optime
384 2239 494 2302 lactum
515 2258 534 2302 a
551 2238 711 2321 Propertio
733 2255 900 2313 censemus,
927 2237 1007 2320 quod
1031 2239 1135 2300 borum
1156 2246 1274 2301 senten-

202 2329 275 2392 tiam
294 2327 388 2408 sequi,
411 2344 497 2407 quarn
515 2327 563 2390 rel
583 2327 733 2388 leuissimo
753 2323 846 2387 uerbo
863 2332 915 2387 aut
934 2326 1058 2388 istorum
1077 2324 1276 2405 suspicionem

202 2423 346 2492 tangere,
367 2421 417 2474 ant
437 2412 558 2474 Antonii
579 2412 703 2486 Musae,
724 2411 849 2473 bominis
872 2409 909 2473 de
926 2411 1060 2492 Angusto
1083 2413 1193 2492 optime
1213 2427 1276 2472 me-

204 2499 257 2563 riti
283 2497 354 2575 (Dio
383 2497 467 2560 Cass.
487 2497 570 2573 LlIl,
593 2501 644 2562 30.
673 2498 756 2560 Suet.
776 2498 841 2561 Oct.
862 2499 914 2562 59.
932 2499 984 2561 81.
1013 2497 1090 2560 Plin.
1110 2495 1178 2560 Nat.
1197 2496 1275 2560 llist.

201 2585 283 2659 XIX,
304 2587 335 2647 8.
355 2584 466 2658 ΧΧΙΧ,
486 2588 514 2646 l.
535 2583 694 2646 Comment.
710 2583 820 2665 Grnqu.
839 2582 878 2646 ad
894 2584 968 2648 Hor.
985 2583 1080 2667 Epist.
1100 2582 1126 2660 1,
1149 2582 1199 2659 15,
1217 2585 1277 2662 3.),

202 2680 296 2735 artem
317 2670 471 2749 inculpare
493 2667 653 2734 maluerit?

304 2755 416 2818 Eadem
433 2754 591 2836 prudentia
604 2763 722 2838 poetam
740 2772 823 2818 usum
838 2755 968 2816 ridemus
984 2755 1015 2817 in
1031 2753 1131 2834 elegia
1146 2755 1276 2818 omninno

202 2840 376 2915 norissima,
399 2859 458 2922 qua
479 2842 515 2904 L.
537 2843 733 2904 Aemilium
755 2841 944 2914 Paullum,
965 2841 1009 2903 M.
1030 2841 1065 2904 F.
1086 2840 1275 2923 Lepidum,

202 2930 249 2992 Μ.
263 2927 371 3008 Lepidi
391 2928 535 2989 triumuiri
557 2928 679 2990 fratrem
698 2929 770 3008 (llic
786 2925 869 2988 Cass.
883 2925 959 3001 LlV,
975 2931 1005 2988 2.
1022 2926 1091 2989 coll.
1104 2926 1223 3002 XLVll,
1240 2929 1273 2992 5.

202 3014 280 3079 Vell.
297 3013 414 3075 Paterc.
429 3013 466 3089 ll,
481 3017 558 3088 til),
579 3014 742 3075 censorium
761 3012 855 3076 uirum
868 3014 1003 3091 Angusto
1025 3013 1274 3094 probatissimum,

204 3108 239 3162 et
265 3101 347 3162 cerins
377 3099 439 3160 lilio
467 3099 503 3161 L.
530 3099 637 3160 Paullo
670 3109 776 3180 postca
804 3107 919 3178 neptem
946 3098 1051 3160 Iuliam
1079 3099 1275 3164 collocaverit

203 3183 298 3264 (Suet.
321 3187 424 3248 Octav.
440 3186 517 3262 64),
541 3183 577 3246 dc
601 3195 693 3246 morte
716 3183 928 3246 Corneliae
949 3186 1062 3260 uxoris,
1083 3183 1117 3248 P.
1138 3184 1274 3248 Cornelii

201 3271 353 3352 Scipionis
378 3269 435 3333 uini
466 3270 630 3332 consularis
658 3270 755 3344 riliaa,
783 3269 964 3333 consolatur.
1007 3270 1166 3334 Corneliae
1195 3272 1273 3334 eninr

200 3367 323 3419 matrem
347 3356 588 3418 Scriboniam
618 3355 830 3437 (Scribonii
858 3356 984 3419 Libonis
1010 3356 1066 3435 l),
1095 3374 1183 3438 qnam
1205 3358 1273 3421 Sci-

199 3443 285 3526 pioni
309 3451 439 3522 creptam
459 3446 608 3520 Augustus
637 3443 669 3502 in
692 3442 906 3504 matrimonium
927 3441 1076 3522 duxisset,
1095 3451 1219 3524 postea,
1240 3451 1275 3506 nt

200 3529 266 3610 ipse
294 3529 460 3601 scribebat,
487 3544 599 3588 morum
628 3529 690 3589 eius
719 3537 873 3610 pertaesus
897 3529 1136 3610 peruersitatem,
1166 3529 1274 3594 iterum

200 3614 379 3697 repudiarit,
400 3614 505 3677 Liuiae
522 3613 674 3676 Drusillae
697 3614 821 3677 uinculis
843 3615 977 3678 irretitus
997 3615 1092 3685 (Suet.
1109 3616 1174 3678 0ct.
1192 3616 1274 3697 63.).

100 3742 102 3748 ,
199 3701 293 3764 lluins
316 3710 428 3775 autem,
451 3700 588 3781 quoniam
609 3701 784 3764 mentionem
808 3701 910 3762 lacere
932 3700 1049 3780 elegiae
1068 3713 1275 3780 argumentum

199 3786 388 3870 postulabat,
418 3787 461 3848 ita
489 3787 635 3862 meminit,
663 3795 695 3849 ut
722 3805 818 3868 neqrue
847 3786 1186 3866 Augustonemetum,
1216 3805 1274 3852 nec

200 3872 344 3936 Cornelia
364 3871 466 3935 matris
487 3874 638 3935 immemor
659 3882 764 3935 contra
784 3874 855 3955 piae
876 3872 958 3935 filiae
974 3872 1075 3936 ollicia
1092 3875 1274 3937 commisisse

199 3959 361 4024 videretur.
405 3957 512 4021 Statim
540 3959 616 4020 euim
642 3969 798 4039 postquam
828 3956 940 4034 „dulce
965 3960 1068 4022 matris
1095 3968 1198 4041 capnt,
1223 3961 1273 4023 ln·

200 4062 374 4126 crymnsquc
394 4046 567 4106 maternas“
595 4044 848 4120 commemorarit,
876 4044 917 4107 ad
941 4043 1146 4109 Gaesarem
1165 4045 1273 4108 iliam-

200 4149 259 4214 que
281 4131 344 4195 aius
361 4129 501 4193 Iuliam
523 4130 638 4194 transit.
680 4132 785 4213 Neqna
804 4131 881 4193 banc
900 4130 1018 4213 quidem
1034 4132 1104 4196 eliis
1124 4130 1275 4211 laudibus,

199 4237 288 4300 quam
310 4234 384 4300 quas
407 4216 567 4280 Gaesarem
592 4216 688 4299 ipsum
709 4217 911 4298 proferentem
936 4217 1037 4298 fingit,
1064 4217 1197 4296 extollit,
1223 4236 1273 4295 ua,

200 4307 284 4368 cuius
297 4303 429 4366 mulieris
450 4320 558 4381 mores,
573 4302 771 4386 moxparenti
791 4311 969 4366 senectutem
987 4304 1185 4368 trintimimam
1203 4303 1276 4370 red·
