2822 4976
434 345 850 455 castamserra-
1128 379 1170 444 ra

142 545 255 634 Atque
275 562 343 634 ego
361 561 427 614 non
447 541 581 614 videam
604 543 663 611 tali
684 543 747 612 sub
769 541 885 611 sidere
904 551 1038 632 ventos,

184 649 268 718 Cum
289 651 349 717 tibi
369 655 549 737 provectas
570 648 701 714 auferet
720 644 810 714 unda
829 654 936 736 rates,

101 765 126 810 1⁵
142 747 190 818 Et
210 771 265 818 me
286 751 427 817 defixum
448 765 559 817 vacua
579 750 725 836 patietur
744 751 779 815 in
797 767 857 817 ora
897 787 898 790 π

140 871 146 881 ’
185 850 361 920 &odotem
380 853 506 920 infesta
525 867 631 937 saepe
650 867 775 917 vocare
795 855 911 924 manat

142 955 216 1024 Sed
237 973 441 1043 quocumque
461 953 559 1022 modo
581 952 624 1020 de
643 971 713 1038 me,
733 955 885 1041 periura,
904 957 1056 1042 mereris,

153 1073 156 1084 ’
186 1057 241 1126 Sit
262 1057 404 1125 Galatea
424 1064 502 1124 tuae
522 1075 588 1125 non
609 1057 719 1123 aliena
739 1059 831 1142 viae,
931 1084 933 1090 s

145 1161 192 1230 Ut
213 1168 265 1246 te,
285 1162 374 1228 felici
395 1166 577 1248 praevecta
599 1157 766 1228 Ceraunia
786 1173 889 1243 remo,

102 1279 129 1322 ²⁰
189 1267 345 1354 Accipiat
365 1265 505 1353 placidis
528 1264 647 1334 Oricos
669 1264 879 1349 aequoribus.

144 1373 230 1438 Nam
250 1385 389 1437 menon
411 1369 498 1436 ullae
518 1373 671 1455 poterunt
692 1383 900 1458 corrumpere
920 1362 1054 1452 medae,

187 1469 274 1553 Quin
296 1486 362 1560 ego
381 1472 453 1537 vita
473 1475 530 1536 tuo
551 1468 663 1536 limine
682 1483 767 1534 vera
793 1484 931 1553 querar:
1033 1465 1036 1472 ’

145 1575 220 1641 Nec
239 1592 293 1641 me
315 1572 446 1640 deliciet
466 1577 587 1638 naums
610 1572 759 1660 rogitare
781 1572 909 1638 citatos

188 1677 346 1762 ‚,Dioite,
368 1696 431 1763 quo
453 1681 549 1762 portu
570 1676 687 1743 clausa
707 1675 817 1760 pirella
837 1691 913 1743 mea
933 1669 1041 1742 est2“

105 1796 132 1842 ὃ
148 1781 197 1853 Et
219 1781 341 1848 dicam:
361 1782 470 1864 „licet
490 1779 661 1847 Autariois
685 1776 837 1846 considat
855 1779 892 1842 in
912 1778 993 1863 orio,

191 1883 241 1954 Et
260 1885 339 1952 licet
358 1881 471 1950 Eleis:
492 1881 550 1947 illa
570 1880 681 1950 lutura
699 1897 774 1948 mea
795 1878 910 1947 est.““

499 2005 783 2097 *eff

149 2142 216 2211 llio
238 2139 315 2208 erit!
338 2137 392 2206 hio
413 2138 524 2206 iurata
545 2141 672 2206 manet!
693 2142 886 2224 rumpantur
906 2136 1024 2225 iniquit

193 2248 357 2314 Vicimus!
383 2244 540 2311 assiduas
560 2263 626 2311 non
648 2243 721 2311 tulit
742 2243 799 2310 illa
819 2247 956 2330 preces!
1038 2287 1039 2292 κ

150 2348 255 2414 Falsa
275 2347 355 2414 licet
376 2346 515 2433 cupidus
539 2346 682 2433 deponat
704 2345 830 2434 gaudia
851 2346 955 2413 livor:
987 2371 992 2382 ·

109 2456 136 2514 at
195 2451 336 2519 Destitit
357 2453 407 2517 ire
428 2466 535 2517 novas
557 2447 701 2534 Cynthia
722 2455 838 2514 nostra
857 2449 947 2514 vias.

150 2553 203 2622 llli
224 2572 324 2622 carus
346 2570 410 2641 ego
432 2557 465 2617 et
488 2568 549 2636 per
569 2567 623 2617 me
644 2551 819 2618 carissima
840 2551 948 2616 Roma

193 2658 343 2740 Dicitur,
366 2662 399 2722 et
420 2656 493 2721 sine
514 2673 567 2722 me
587 2654 697 2721 dulcia
717 2671 823 2758 regna
843 2659 958 2742 negat.

152 2759 215 2828 llla
236 2760 293 2826 vel
316 2763 459 2847 angusto
479 2775 609 2824 mecum
629 2757 844 2844 requiescere
865 2757 953 2824 lecto
979 2795 983 2802 -
1039 2759 1041 2766 ’

196 2863 245 2932 Et
264 2879 468 2951 quocumque
488 2859 584 2929 modo
605 2861 718 2928 maluit
741 2877 820 2926 esse
841 2875 936 2941 mea,-

113 2981 139 3028 e
156 2965 262 3052 Quam
282 2966 349 3032 sibi
369 2963 505 3032 dotatae
525 2981 666 3054 regnum
686 2969 787 3032 vetus
808 2960 1063 3050 Hippodamiae,

182 3171 225 3225 13.
242 3167 310 3221 talea
328 3163 466 3220 subsidere
483 3181 572 3222 eomes
596 3173 706 3237 praetor·
719 3167 773 3236 H..
800 3167 844 3236 poi
865 3165 957 3224 tolon
982 3168 1050 3221 talea
1075 3167 1125 3223 aab
1147 3165 1188 3223 ei-

115 3253 188 3306 dere.
223 3321 224 3326 ἵ
258 3253 301 3304 14.
323 3251 456 3318 proiectae
477 3253 510 3310 G.
589 3255 633 3314 15.
657 3251 773 3320 patiatur
789 3252 827 3304 N.
844 3253 880 3309 R.
900 3255 932 3307 o.
948 3246 989 3310 H.
1006 3254 1112 3322 m..
1138 3267 1186 3321 pa-

114 3337 188 3392 tiaris
206 3353 234 3391 o.
252 3335 278 3389 in
297 3335 574 3406 antecedentem.
592 3355 628 3392 m.
647 3339 693 3407 Ν.,
711 3339 738 3392 in
760 3337 827 3392 hora
849 3327 954 3396 alell.
974 3342 1027 3408 Ν.,
1048 3355 1132 3394 areae
1149 3357 1189 3410 o.,

114 3423 142 3476 iu
160 3436 209 3474 ora
226 3418 264 3476 H.
275 3421 309 3471 D.
323 3421 400 3474 Perr.
468 3424 510 3475 17.
528 3423 704 3492 quodeunque
716 3423 752 3476 N.
765 3425 801 3478 R.
811 3420 865 3478 Ht.
875 3424 909 3480 D.
925 3419 1038 3476 'moreris
1052 3441 1095 3492 pr.
1106 3441 1141 3481 m.
1152 3425 1190 3482 N.

116 3519 159 3570 18.
177 3509 301 3578 galathea
315 3509 351 3562 N.
364 3511 400 3566 R.
415 3508 469 3566 ΕΙ).
484 3511 517 3568 Δ.
571 3517 614 3566 19.
636 3517 761 3580 prouecta
781 3513 814 3568 G.
827 3513 866 3571 H.
884 3511 914 3568 Υ.
928 3513 973 3578 Ν.,
991 3526 1040 3580 per
1056 3512 1190 3582 sarevelt,
1255 3577 1257 3582 ,

115 3605 216 3654 vectam
234 3612 283 3665 per
299 3597 405 3648 caerula
423 3612 461 3666 o.‚
479 3603 619 3665 praevecta
635 3599 676 3657 Nl.
746 3602 789 3655 20,
806 3597 924 3666 placidos
941 3596 1009 3664 Hb..
1026 3596 1141 3665 placidie
1156 3600 1193 3656 G.

115 3682 224 3751 orythos
240 3683 284 3750 G„
303 3681 476 3750 corporosa,
496 3675 611 3750 orpqu'os
623 3686 671 3756 Ν.,
693 3685 820 3754 opriquos
832 3686 894 3746 (stc)
909 3681 976 3752 HN,
994 3680 1094 3746 Oryooa
1110 3681 1193 3742 KH,

115 3775 158 3826 21.
177 3767 256 3819 thede
275 3769 319 3834 G„
339 3767 416 3818 tedae
433 3769 465 3823 P.
483 3783 522 3836 a..
542 3769 576 3820 de
597 3775 624 3822 te
642 3771 678 3827 N.
695 3769 749 3828 Hb.
767 3772 801 3822 D.
819 3775 858 3828 H.
874 3771 914 3822 M.
932 3785 957 3828 r.
1027 3771 1070 3820 22.
1089 3768 1193 3828 lumine

116 3856 152 3907 N.
164 3855 199 3909 1).
215 3853 246 3907 V.
260 3853 298 3907 M.
310 3868 335 3908 r.
355 3851 436 3904 verba
455 3868 543 3904 omues
560 3859 669 3921 praeter
684 3858 734 3922 Ν.,
755 3856 799 3926 pai
816 3853 892 3906 tutet
910 3851 977 3905 dira.
1002 3853 1095 3920 loquar
1107 3849 1146 3903 H.
1161 3852 1194 3908 t’.

115 3945 159 3996 23.
177 3938 284 3993 deficiat
301 3937 367 4006 ΗΝ,
386 3937 490 3991 defitiet
507 3939 543 3996 N.
602 3942 646 3991 25.
665 3939 773 3992 atraciis
790 3939 827 3992 N.
847 3938 932 3994 dn).
944 3935 1010 4006 Hb„
1027 3938 1073 3990 sed
1089 3937 1195 4004 puertia

116 4027 292 4094 trouapoailto
308 4041 400 4078 cocum
418 4024 480 4077 licet
497 4022 604 4090 atraciis
623 4031 757 4092 ootuto,*a
776 4023 862 4077 tratiis
880 4023 943 4077 licet
960 4025 1026 4076 haee
1044 4026 1089 4090 Ν.,
1113 4023 1195 4090 „Au-
1243 4023 1245 4027 ’

117 4109 208 4164 traciis
225 4118 299 4164 octus
318 4112 364 4163 tue
382 4107 485 4162 codeu“
498 4111 540 4180 1²„
559 4110 666 4163 atraciis
685 4111 747 4164 licet
763 4111 828 4165 haec
846 4128 883 4180 ca,
902 4111 1054 4180 ‚,Autrariia
1070 4126 1096 4168 o.
1113 4126 1136 4165 c.
1153 4107 1195 4160 oet

117 4194 257 4250 autariis“
275 4199 352 4250 Perr.
372 4196 423 4248 hae
439 4199 480 4254 M.
549 4202 592 4254 26.
610 4195 695 4262 lryleis
718 4196 817 4252 &Illa
835 4204 872 4255 Η.
890 4199 946 4267 Ν.,
972 4195 1050 4249 hileis
1067 4186 1120 4262 Ν.,
1145 4191 1194 4246 he-

118 4280 166 4333 leis
183 4282 220 4334 R.
235 4296 272 4347 Ν.,
292 4280 386 4333 helleis
404 4281 448 4349 Ν.,
466 4277 544 4333 isseis
565 4283 661 4333 Peras
712 4285 755 4340 27.
772 4287 830 4336 erat
846 4283 885 4336 N.
904 4330 909 4337 .
953 4282 996 4334 28.
1015 4275 1150 4334 Vincimue
1168 4265 1195 4329 r:

119 4366 189 4421 tollit
204 4365 276 4436 Illa,
294 4367 366 4420 tollit
382 4383 407 4420 r.
424 4372 515 4438 pteces
532 4370 568 4422 u.
590 4366 632 4420 ira
644 4371 681 4422 H.
754 4369 756 4373 '
