2848 4972
205 356 269 422 lna
488 363 502 420 .'
515 351 729 422 rauranum
749 351 893 432 amul,
916 349 967 420 1-3.

248 520 351 589 certa
373 517 504 608 quidem
524 523 629 589 tantis
652 539 757 588 causa
777 529 812 590 ct
832 523 1010 589 manifesta
1029 523 1151 592 ruinis:

288 627 457 700 Luxuriae
478 628 609 696 nimium
630 626 737 693 libera
757 627 848 694 facta
870 629 927 692 via
948 633 1013 694 est.

217 727 333 796 alnda
353 731 449 795 cavis
473 747 588 798 aurum
608 732 708 796 mittit
729 731 865 798 formica
887 730 1043 814 metatus,

289 830 336 900 Et
355 835 450 903 veuit
471 851 490 898 e
511 835 608 898 rubro
629 832 757 902 concha
774 833 925 918 Erycina
946 823 1031 918 saro,

248 935 297 1006 Et
318 938 427 1021 Tyros
451 939 596 1004 ostrinos
619 938 757 1022 praebet
777 936 925 1004 Cadmea
945 938 1085 1019 coloreo,

208 1108 212 1114 ,
290 1036 469 1106 cinnamon
491 1041 637 1106 etmulti
659 1047 774 1126 pastor
796 1040 906 1108 odoris
927 1043 1051 1114 Arabs.

147 1209 149 1214 .
244 1140 342 1209 Haeo
364 1145 463 1208 etiam
486 1142 621 1210 clausas
645 1152 837 1232 expugnant
860 1163 950 1210 arma
975 1143 1125 1230 pudicas,

203 1255 231 1301 ¹⁰
289 1246 450 1332 Haecque
470 1251 580 1312 terunt
599 1247 729 1329 fastus,
750 1246 902 1330 Icarioti,
924 1255 1011 1314 tuoe.

244 1349 398 1436 Matrona
420 1349 544 1416 incedit
566 1369 686 1416 census
706 1349 821 1425 induta
842 1358 1008 1436 nepotum,

288 1451 336 1520 Et
357 1454 463 1539 spolia
484 1456 648 1539 opprobrii
669 1462 783 1520 nostra
806 1471 865 1538 per
888 1472 946 1519 ora
966 1451 1079 1520 trahit.
1169 1477 1172 1490 ¹

245 1552 346 1619 Nulla
367 1560 421 1619 est
443 1554 617 1640 poscendi,
639 1555 728 1621 nulla
750 1561 803 1618 est
825 1557 1014 1620 reverentia
1037 1550 1154 1619 dandi:

290 1661 359 1726 Aut
381 1663 412 1730 si
435 1668 592 1746 quaest,
614 1664 720 1746 pretio
742 1661 864 1727 tollitur
884 1661 961 1748 ipsa
982 1681 1082 1728 mora.

116 1830 119 1835 .
202 1779 229 1824 ru
246 1764 342 1831 Felix
362 1764 446 1832 Eois
467 1766 524 1830 lex
546 1767 671 1833 funeris
694 1785 760 1834 una
774 1768 922 1849 maritis,
994 1781 998 1792 ‘

290 1865 383 1950 Quos
405 1868 535 1932 Aurora
555 1868 626 1932 suis
648 1869 748 1934 rubra
770 1867 897 1934 colorat
918 1867 1026 1951 aquic.

246 1970 398 2054 Namque
419 1971 475 2035 ubi
496 1971 663 2036 mortifero
684 1974 775 2038 iacta
796 1979 849 2037 est
870 1972 930 2040 fax
950 1970 1065 2037 ultima
1083 1967 1182 2053 lecto,

289 2075 434 2142 Uxorum
455 2077 541 2142 fusis
565 2083 634 2142 stat
655 2079 710 2163 pia
733 2078 830 2144 turba
852 2078 967 2158 comio,

244 2175 293 2246 Et
313 2184 479 2244 certamen
500 2179 624 2246 haberit
645 2181 721 2260 leti,
744 2198 830 2266 quae
853 2183 934 2248 viva
954 2183 1114 2264 sequatur

127 2295 129 2298 ·
203 2297 231 2342 aa
293 2281 503 2372 Coniugium:
527 2283 632 2369 pudor
653 2274 706 2349 est
728 2304 793 2350 uon
813 2285 950 2350 licuisse
973 2283 1064 2348 mori.

245 2384 376 2454 Ardent
397 2387 575 2468 victrices,
598 2392 633 2450 et
654 2387 805 2452 dammae
827 2393 962 2470 pectora
983 2384 1156 2470 praebent,

288 2487 514 2574 inponuntque
536 2491 607 2554 suis
627 2507 685 2554 ora
705 2496 843 2574 perusta
863 2490 957 2554 viris,

243 2591 310 2660 Hie
330 2609 439 2680 genus
461 2590 593 2657 infidum
614 2596 786 2676 nuptarum
794 2638 805 2674 ‚
828 2589 883 2657 hic
903 2589 992 2656 uuila
1011 2587 1120 2675 puella

286 2697 359 2762 Nec
381 2693 448 2772 lida
468 2693 610 2760 Euadne
632 2697 770 2781 necpia
791 2694 967 2780 Penelope.

200 2814 227 2862 a
245 2801 341 2887 Felix
364 2804 533 2886 agrestum
556 2796 720 2884 quondam
742 2803 865 2884 pacata
886 2800 1055 2880 iuuentuS,

284 2901 434 2967 Divitiae
456 2917 592 2985 quorum
612 2901 734 2964 messis
757 2904 791 2964 et
814 2900 913 2966 arbor
934 2902 1039 2962 erant.
1079 2940 1083 2959 .

242 3005 313 3075 Illis
336 3023 451 3069 munus
475 3008 568 3069 erant
592 3001 738 3071 decussa
761 3000 910 3088 Cydonia
931 3021 1034 3084 ramo,

285 3107 333 3177 Et
354 3107 435 3175 dare
454 3109 604 3192 puniceis
626 3108 726 3194 plena
746 3109 892 3173 canistra
914 3109 1017 3188 robis,

237 3213 341 3281 ‘Nunc
361 3211 469 3300 violas
491 3211 629 3279 tondere
647 3230 766 3298 manu,
786 3230 872 3289 nune
892 3212 996 3278 mixta
1016 3207 1142 3274 referre

267 3433 293 3480 3.
315 3427 396 3480 Certe
410 3427 453 3495 A„
474 3423 554 3480 Certa
571 3434 607 3483 H.
625 3431 656 3484 V.
677 3429 799 3498 equidem
815 3430 847 3487 A.
865 3431 904 3498 et]
924 3433 964 3481 ert
983 3430 1015 3480 G.
1030 3431 1064 3480 R.
1080 3443 1117 3497 m,
1137 3433 1164 3482 et
1185 3430 1215 3486 V.
1231 3429 1273 3485 Μ.

197 3519 224 3572 4.
241 3515 345 3568 lubrica
364 3515 397 3566 G.
466 3516 493 3566 5.
511 3515 578 3567 Inde
595 3531 620 3568 r.
640 3516 712 3568 canis
731 3514 784 3570 Ht.
854 3520 880 3568 6.
901 3515 927 3581 e]
946 3520 973 3566 et
990 3515 1029 3566 Μ.
1049 3513 1148 3565 ericina
1160 3515 1206 3580 Ν.,
1225 3515 1284 3575 lue-x

196 3600 282 3655 ricina
298 3598 350 3654 Hb.
367 3601 417 3663 IL,
442 3596 538 3651 eriiina
562 3600 606 3666 V.,
632 3599 721 3650 eriena
738 3601 779 3652 Μ.
856 3604 881 3652 7.
902 3596 966 3648 tinea
984 3599 1021 3652 N.
1044 3599 1146 3650 colores
1164 3617 1216 3652 om.
1234 3603 1272 3652 H.

197 3691 223 3742 8.
243 3685 380 3749 Cynamou
399 3684 434 3738 Ν.
511 3690 539 3740 9.
564 3700 656 3736 causas
675 3687 714 3740 M.
798 3690 839 3742 10.
864 3685 1046 3749 Quarqueni.
1066 3686 1100 3734 N.
1119 3683 1171 3734 Hb.
1190 3702 1213 3737 r.
1233 3701 1272 3753 o„

196 3773 325 3836 Haecque
345 3771 419 3821 Perr.
438 3771 468 3822 P.
497 3769 600 3823 sanstus
627 3775 676 3839 G„
702 3770 785 3824 fastos
810 3789 852 3838 pr.
873 3789 906 3824 or.
925 3770 979 3825 Hi,
1008 3771 1118 3823 icariote
1138 3778 1173 3823 N.
1195 3789 1220 3824 r.
1239 3773 1272 3829 D.

119 3901 126 3915 .
154 3895 164 3903 .
200 3857 232 3908 V.
256 3855 310 3920 M„
338 3852 463 3906 icariotae
491 3855 523 3910 G.
627 3861 668 3910 12.
693 3856 865 3923 opprobrium
895 3857 925 3910 V.
953 3855 1017 3906 hora
1043 3871 1081 3922 π,
1114 3854 1271 3911 hartaldi.
1358 3907 1361 3920 ,

197 3945 238 3994 15.
259 3939 312 3990 ima
324 3939 358 3988 D.
429 3943 470 3991 17.
490 3940 600 4006 Iamque
612 3945 648 3994 H.
670 3939 777 3992 humida
792 3941 829 3996 M.
862 3946 933 3995 ·18.
954 3940 1047 4008 positis
1065 3943 1098 3995 d.
1162 3944 1204 3993 20.
1223 3958 1273 4006 pu·

192 4025 261 4077 »dori
282 4027 313 4074 G.
375 4025 418 4080 21.
437 4021 477 4091 et]
495 4032 536 4076 eat
555 4042 598 4090 pr.
614 4043 648 4076 m.
667 4023 728 4094 rra,
749 4033 790 4078 ast
806 4044 829 4080 s.
845 4043 880 4082 m.
943 4033 986 4078 23.
1008 4027 1067 4077 Hoc
1085 4027 1121 4080 N.
1131 4024 1183 4081 Hb.
1194 4027 1228 4082 D.
1241 4028 1270 4079 V.

194 4112 309 4179 innupta
325 4110 415 4178 puella
429 4107 481 4165 Hb.
499 4115 540 4162 est
557 4111 631 4162 addit
649 4111 724 4164 Perr.
737 4113 772 4164 R.
842 4114 885 4167 24.
904 4111 1024 4163 annedae
1039 4115 1084 4178 Ν.,
1104 4113 1225 4162 enaudnc
1239 4113 1271 4164 (i.

195 4201 244 4262 2&
259 4201 366 4266 paccata
378 4192 431 4252 Hi.
502 4201 544 4253 26.
564 4212 675 4263 quarum
696 4198 806 4252 ΜΔ.
875 4202 919 4251 27.
938 4213 1036 4265 pompa
1053 4196 1104 4250 fuit
1122 4213 1145 4252 r.
1159 4213 1195 4265 ιι,
1214 4213 1273 4248 nru-

196 4297 246 4334 nur
264 4287 322 4332 erat
343 4280 374 4333 G.
388 4282 425 4331 ΙΙ.
449 4280 479 4334 V.
499 4281 558 4348 M„
579 4280 663 4350 qaod,
682 4297 717 4350 qa
737 4283 814 4333 eraut
830 4282 968 4348 rcripacrit
985 4281 1078 4350 Pera,
1097 4282 1182 4333 reciso
1199 4296 1273 4332 mor·

195 4368 254 4434 pina
270 4382 322 4419 ocra
342 4367 430 4434 liquet.
448 4364 570 4419 diacoma
587 4370 624 4425 N.
692 4370 736 4422 28.
755 4366 842 4420 rubrio
859 4365 914 4422 Hb.
980 4370 1026 4422 29.
1044 4373 1133 4422 mnata
1152 4369 1186 4422 G.
1202 4369 1240 4419 Η.
