<?xml version="1.0" encoding="UTF-8"?>
<!DOCTYPE html PUBLIC "-//W3C//DTD XHTML 1.0 Transitional//EN"
    "http://www.w3.org/TR/xhtml1/DTD/xhtml1-transitional.dtd">
<html xmlns="http://www.w3.org/1999/xhtml" xml:lang="en" lang="en">
 <head>
  <title>
</title>
<meta http-equiv="Content-Type" content="text/html;charset=utf-8" />
  <meta name='ocr-system' content='tesseract 3.04.00' />
  <meta name='ocr-capabilities' content='ocr_page ocr_carea ocr_par ocr_line ocrx_word'/>
</head>
<body>
  <div class='ocr_page' id='page_1' title='image "./sexaureliiprope02propgoog_0081.png"; bbox 0 0 2762 4972; ppageno 0'>
   <div class='ocr_carea' id='block_1_1' title="bbox 348 363 1165 448">
    <p class='ocr_par' dir='ltr' id='par_1_1' title="bbox 348 363 1165 448">
     <span class='ocr_line' id='line_1_1' title="bbox 348 363 1165 448; baseline 0.02 -20"><span class='ocrx_word' id='word_1_1' title='bbox 348 377 438 446; x_wconf 76' lang='lat' dir='ltr'><strong>Qsput</strong></span> <span class='ocrx_word' id='word_1_2' title='bbox 453 376 502 434; x_wconf 75' lang='grc'><strong>17.</strong></span> <span class='ocrx_word' id='word_1_3' title='bbox 536 376 578 430; x_wconf 85' lang='lat' dir='ltr'><strong>De</strong></span> <span class='ocrx_word' id='word_1_4' title='bbox 595 375 749 433; x_wconf 75' lang='lat' dir='ltr'><strong>inventione</strong></span> <span class='ocrx_word' id='word_1_5' title='bbox 765 377 910 448; x_wconf 72' lang='lat' dir='ltr'><strong>Propertii.</strong></span> <span class='ocrx_word' id='word_1_6' title='bbox 1111 363 1165 444; x_wconf 73' lang='grc'><strong>63</strong></span> 
     </span>
    </p>
   </div>
   <div class='ocr_carea' id='block_1_2' title="bbox 35 545 1239 3561">
    <p class='ocr_par' dir='ltr' id='par_1_2' title="bbox 35 545 1239 3561">
     <span class='ocr_line' id='line_1_2' title="bbox 91 545 1163 633; baseline 0.002 -19"><span class='ocrx_word' id='word_1_7' title='bbox 91 549 237 627; x_wconf 84' lang='lat' dir='ltr'><strong>imitatus,</strong></span> <span class='ocrx_word' id='word_1_8' title='bbox 262 563 381 633; x_wconf 79' lang='lat' dir='ltr'>semper</span> <span class='ocrx_word' id='word_1_9' title='bbox 400 545 517 630; x_wconf 84' lang='lat' dir='ltr'><strong>aliquid</strong></span> <span class='ocrx_word' id='word_1_10' title='bbox 540 545 639 612; x_wconf 85' lang='lat' dir='ltr'><strong>laudis</strong></span> <span class='ocrx_word' id='word_1_11' title='bbox 664 557 849 632; x_wconf 77' lang='lat' dir='ltr'><strong>assequetur.</strong></span> <span class='ocrx_word' id='word_1_12' title='bbox 890 547 926 614; x_wconf 89' lang='lat' dir='ltr'><strong>ld</strong></span> <span class='ocrx_word' id='word_1_13' title='bbox 949 549 1028 632; x_wconf 87' lang='lat' dir='ltr'><strong>qnod</strong></span> <span class='ocrx_word' id='word_1_14' title='bbox 1049 551 1163 616; x_wconf 84' lang='lat' dir='ltr'><strong>oPro-</strong></span> 
     </span>
     <span class='ocr_line' id='line_1_3' title="bbox 92 634 1163 720; baseline 0.001 -21"><span class='ocrx_word' id='word_1_15' title='bbox 92 638 188 720; x_wconf 88' lang='lat' dir='ltr'><strong>pertio</strong></span> <span class='ocrx_word' id='word_1_16' title='bbox 210 635 320 700; x_wconf 87' lang='lat' dir='ltr'><strong>iaetun</strong></span> <span class='ocrx_word' id='word_1_17' title='bbox 342 643 388 699; x_wconf 86' lang='lat' dir='ltr'><strong>est</strong></span> <span class='ocrx_word' id='word_1_18' title='bbox 408 636 440 697; x_wconf 91' lang='lat' dir='ltr'><strong>iu</strong></span> <span class='ocrx_word' id='word_1_19' title='bbox 460 634 499 698; x_wconf 91' lang='lat' dir='ltr'><strong>iis</strong></span> <span class='ocrx_word' id='word_1_20' title='bbox 516 635 705 714; x_wconf 71' lang='lat' dir='ltr'><strong>carminibus,</strong></span> <span class='ocrx_word' id='word_1_21' title='bbox 726 655 804 719; x_wconf 88' lang='lat' dir='ltr'><strong>quae</strong></span> <span class='ocrx_word' id='word_1_22' title='bbox 825 637 911 719; x_wconf 87' lang='lat' dir='ltr'><strong>epioe</strong></span> <span class='ocrx_word' id='word_1_23' title='bbox 931 639 1036 717; x_wconf 77' lang='lat' dir='ltr'><strong>generi</strong></span> <span class='ocrx_word' id='word_1_24' title='bbox 1056 640 1163 720; x_wconf 83' lang='lat' dir='ltr'><strong>proni-</strong></span> 
     </span>
     <span class='ocr_line' id='line_1_4' title="bbox 93 721 1163 798; baseline 0.002 -13"><span class='ocrx_word' id='word_1_25' title='bbox 93 742 142 785; x_wconf 83' lang='lat' dir='ltr'><strong>mo</strong></span> <span class='ocrx_word' id='word_1_26' title='bbox 169 732 237 786; x_wconf 82' lang='lat' dir='ltr'><strong>suut</strong></span> <span class='ocrx_word' id='word_1_27' title='bbox 262 722 334 784; x_wconf 88' lang='lat' dir='ltr'><strong>libri</strong></span> <span class='ocrx_word' id='word_1_28' title='bbox 361 721 416 798; x_wconf 88' lang='lat' dir='ltr'><strong>lv,</strong></span> <span class='ocrx_word' id='word_1_29' title='bbox 440 723 475 797; x_wconf 89' lang='grc'><strong>1,</strong></span> <span class='ocrx_word' id='word_1_30' title='bbox 499 723 625 785; x_wconf 88' lang='grc'><strong>1-72.</strong></span> <span class='ocrx_word' id='word_1_31' title='bbox 649 726 680 784; x_wconf 99' lang='grc'><strong>2.</strong></span> <span class='ocrx_word' id='word_1_32' title='bbox 703 724 786 788; x_wconf 80' lang='grc'><strong>4.9.</strong></span> <span class='ocrx_word' id='word_1_33' title='bbox 810 726 862 787; x_wconf 85' lang='grc'><strong>19.</strong></span> <span class='ocrx_word' id='word_1_34' title='bbox 911 722 1026 796; x_wconf 78' lang='lat' dir='ltr'><strong>Contra</strong></span> <span class='ocrx_word' id='word_1_35' title='bbox 1053 726 1084 785; x_wconf 92' lang='lat' dir='ltr'><strong>in</strong></span> <span class='ocrx_word' id='word_1_36' title='bbox 1109 743 1163 787; x_wconf 88' lang='lat' dir='ltr'><strong>on·</strong></span> 
     </span>
     <span class='ocr_line' id='line_1_5' title="bbox 94 806 1164 890; baseline 0.002 -19"><span class='ocrx_word' id='word_1_37' title='bbox 94 818 182 888; x_wconf 84' lang='lat' dir='ltr'><strong>gusto</strong></span> <span class='ocrx_word' id='word_1_38' title='bbox 206 809 359 887; x_wconf 81' lang='lat' dir='ltr'><strong>elegorum</strong></span> <span class='ocrx_word' id='word_1_39' title='bbox 381 806 479 889; x_wconf 87' lang='lat' dir='ltr'><strong>spatio</strong></span> <span class='ocrx_word' id='word_1_40' title='bbox 503 807 622 871; x_wconf 89' lang='lat' dir='ltr'><strong>oooasio</strong></span> <span class='ocrx_word' id='word_1_41' title='bbox 643 824 703 871; x_wconf 92' lang='lat' dir='ltr'><strong>uon</strong></span> <span class='ocrx_word' id='word_1_42' title='bbox 725 809 814 872; x_wconf 73' lang='lat' dir='ltr'><strong>aomo</strong></span> <span class='ocrx_word' id='word_1_43' title='bbox 838 811 1009 890; x_wconf 88' lang='lat' dir='ltr'><strong>quaerenda</strong></span> <span class='ocrx_word' id='word_1_44' title='bbox 1029 810 1108 872; x_wconf 81' lang='lat' dir='ltr'><strong>uitro</strong></span> <span class='ocrx_word' id='word_1_45' title='bbox 1129 827 1164 874; x_wconf 92' lang='lat' dir='ltr'><strong>se</strong></span> 
     </span>
     <span class='ocr_line' id='line_1_6' title="bbox 92 894 1164 976; baseline 0.001 -19"><span class='ocrx_word' id='word_1_46' title='bbox 92 896 141 957; x_wconf 89' lang='lat' dir='ltr'><strong>illi</strong></span> <span class='ocrx_word' id='word_1_47' title='bbox 167 895 278 959; x_wconf 79' lang='lat' dir='ltr'><strong>obierat</strong></span> <span class='ocrx_word' id='word_1_48' title='bbox 306 901 439 976; x_wconf 87' lang='lat' dir='ltr'><strong>oportet,</strong></span> <span class='ocrx_word' id='word_1_49' title='bbox 466 895 642 976; x_wconf 86' lang='lat' dir='ltr'><strong>praesertim</strong></span> <span class='ocrx_word' id='word_1_50' title='bbox 663 894 716 957; x_wconf 90' lang='lat' dir='ltr'><strong>nbi</strong></span> <span class='ocrx_word' id='word_1_51' title='bbox 737 914 787 959; x_wconf 89' lang='lat' dir='ltr'><strong>res</strong></span> <span class='ocrx_word' id='word_1_52' title='bbox 812 894 894 976; x_wconf 90' lang='lat' dir='ltr'><strong>ipsa,</strong></span> <span class='ocrx_word' id='word_1_53' title='bbox 921 912 1009 975; x_wconf 86' lang='lat' dir='ltr'><strong>quam</strong></span> <span class='ocrx_word' id='word_1_54' title='bbox 1030 896 1164 958; x_wconf 89' lang='lat' dir='ltr'><strong>oooasio-</strong></span> 
     </span>
     <span class='ocr_line' id='line_1_7' title="bbox 92 978 1163 1062; baseline 0.001 -18"><span class='ocrx_word' id='word_1_55' title='bbox 92 998 158 1044; x_wconf 89' lang='lat' dir='ltr'><strong>uem</strong></span> <span class='ocrx_word' id='word_1_56' title='bbox 183 981 329 1057; x_wconf 86' lang='lat' dir='ltr'><strong>diximus,</strong></span> <span class='ocrx_word' id='word_1_57' title='bbox 354 979 509 1043; x_wconf 79' lang='lat' dir='ltr'><strong>affectuum</strong></span> <span class='ocrx_word' id='word_1_58' title='bbox 535 979 606 1044; x_wconf 90' lang='lat' dir='ltr'><strong>iude</strong></span> <span class='ocrx_word' id='word_1_59' title='bbox 633 982 813 1045; x_wconf 83' lang='lat' dir='ltr'><strong>nascentium</strong></span> <span class='ocrx_word' id='word_1_60' title='bbox 837 978 970 1061; x_wconf 86' lang='lat' dir='ltr'><strong>pondere</strong></span> <span class='ocrx_word' id='word_1_61' title='bbox 996 992 1163 1062; x_wconf 85' lang='lat' dir='ltr'><strong>superatur.</strong></span> 
     </span>
     <span class='ocr_line' id='line_1_8' title="bbox 35 1065 1165 1148; baseline 0 -18"><span class='ocrx_word' id='word_1_62' title='bbox 35 1119 38 1130; x_wconf 92' lang='lat'>.</span> <span class='ocrx_word' id='word_1_63' title='bbox 92 1068 130 1132; x_wconf 86' lang='lat' dir='ltr'><strong>Hi</strong></span> <span class='ocrx_word' id='word_1_64' title='bbox 151 1068 243 1131; x_wconf 87' lang='lat' dir='ltr'><strong>animi</strong></span> <span class='ocrx_word' id='word_1_65' title='bbox 264 1076 358 1131; x_wconf 89' lang='lat' dir='ltr'><strong>motus</strong></span> <span class='ocrx_word' id='word_1_66' title='bbox 379 1083 438 1147; x_wconf 84' lang='lat' dir='ltr'><strong>quo</strong></span> <span class='ocrx_word' id='word_1_67' title='bbox 459 1065 592 1130; x_wconf 83' lang='lat' dir='ltr'><strong>veriores</strong></span> <span class='ocrx_word' id='word_1_68' title='bbox 612 1077 687 1140; x_wconf 90' lang='lat' dir='ltr'><strong>sunt,</strong></span> <span class='ocrx_word' id='word_1_69' title='bbox 709 1083 747 1131; x_wconf 91' lang='lat' dir='ltr'><strong>eo</strong></span> <span class='ocrx_word' id='word_1_70' title='bbox 764 1066 858 1148; x_wconf 83' lang='lat' dir='ltr'><strong>nugis</strong></span> <span class='ocrx_word' id='word_1_71' title='bbox 877 1069 1050 1148; x_wconf 86' lang='lat' dir='ltr'><strong>probantur.</strong></span> <span class='ocrx_word' id='word_1_72' title='bbox 1093 1067 1165 1131; x_wconf 84' lang='lat' dir='ltr'><strong>Fiu-</strong></span> 
     </span>
     <span class='ocr_line' id='line_1_9' title="bbox 92 1151 1163 1235; baseline 0 -19"><span class='ocrx_word' id='word_1_73' title='bbox 92 1171 167 1234; x_wconf 85' lang='lat' dir='ltr'><strong>gere</strong></span> <span class='ocrx_word' id='word_1_74' title='bbox 195 1154 272 1217; x_wconf 90' lang='lat' dir='ltr'><strong>enim</strong></span> <span class='ocrx_word' id='word_1_75' title='bbox 299 1169 405 1216; x_wconf 89' lang='lat' dir='ltr'><strong>oansas</strong></span> <span class='ocrx_word' id='word_1_76' title='bbox 433 1152 563 1228; x_wconf 88' lang='lat' dir='ltr'><strong>sterilis,</strong></span> <span class='ocrx_word' id='word_1_77' title='bbox 591 1151 723 1233; x_wconf 83' lang='lat' dir='ltr'><strong>quamuis</strong></span> <span class='ocrx_word' id='word_1_78' title='bbox 752 1161 856 1218; x_wconf 86' lang='lat' dir='ltr'><strong>eontra</strong></span> <span class='ocrx_word' id='word_1_79' title='bbox 881 1153 1019 1218; x_wconf 81' lang='lat' dir='ltr'><strong>uideatur</strong></span> <span class='ocrx_word' id='word_1_80' title='bbox 1041 1154 1163 1235; x_wconf 89' lang='lat' dir='ltr'><strong>quibus-</strong></span> 
     </span>
     <span class='ocr_line' id='line_1_10' title="bbox 95 1237 1165 1322; baseline 0 -20"><span class='ocrx_word' id='word_1_81' title='bbox 95 1239 180 1318; x_wconf 88' lang='lat' dir='ltr'><strong>dam,</strong></span> <span class='ocrx_word' id='word_1_82' title='bbox 209 1241 267 1304; x_wconf 89' lang='lat' dir='ltr'><strong>erit</strong></span> <span class='ocrx_word' id='word_1_83' title='bbox 291 1239 414 1322; x_wconf 85' lang='lat' dir='ltr'><strong>ingenii.</strong></span> <span class='ocrx_word' id='word_1_84' title='bbox 456 1238 591 1319; x_wconf 86' lang='lat' dir='ltr'><strong>Namque</strong></span> <span class='ocrx_word' id='word_1_85' title='bbox 614 1240 664 1301; x_wconf 85' lang='lat' dir='ltr'><strong>oui</strong></span> <span class='ocrx_word' id='word_1_86' title='bbox 686 1238 748 1302; x_wconf 81' lang='lat' dir='ltr'><strong>vita</strong></span> <span class='ocrx_word' id='word_1_87' title='bbox 770 1237 946 1320; x_wconf 83' lang='lat' dir='ltr'><strong>quotidiano</strong></span> <span class='ocrx_word' id='word_1_88' title='bbox 973 1238 1049 1302; x_wconf 90' lang='lat' dir='ltr'><strong>nibil</strong></span> <span class='ocrx_word' id='word_1_89' title='bbox 1073 1257 1165 1320; x_wconf 86' lang='lat' dir='ltr'><strong>prae·</strong></span> 
     </span>
     <span class='ocr_line' id='line_1_11' title="bbox 93 1323 1164 1408; baseline -0.002 -18"><span class='ocrx_word' id='word_1_90' title='bbox 93 1327 180 1402; x_wconf 83' lang='lat' dir='ltr'><strong>beot,</strong></span> <span class='ocrx_word' id='word_1_91' title='bbox 207 1324 288 1408; x_wconf 85' lang='lat' dir='ltr'><strong>quod</strong></span> <span class='ocrx_word' id='word_1_92' title='bbox 312 1323 451 1389; x_wconf 81' lang='lat' dir='ltr'><strong>terrestri</strong></span> <span class='ocrx_word' id='word_1_93' title='bbox 478 1323 565 1388; x_wconf 86' lang='lat' dir='ltr'><strong>ineos</strong></span> <span class='ocrx_word' id='word_1_94' title='bbox 589 1335 746 1406; x_wconf 84' lang='lat' dir='ltr'><strong>purgatum</strong></span> <span class='ocrx_word' id='word_1_95' title='bbox 767 1323 859 1389; x_wconf 88' lang='lat' dir='ltr'><strong>oedro</strong></span> <span class='ocrx_word' id='word_1_96' title='bbox 880 1324 1001 1406; x_wconf 87' lang='lat' dir='ltr'><strong>dignum</strong></span> <span class='ocrx_word' id='word_1_97' title='bbox 1014 1324 1164 1408; x_wconf 20' lang='lat' dir='ltr'><strong>,expoliat</strong></span> 
     </span>
     <span class='ocr_line' id='line_1_12' title="bbox 95 1411 1165 1494; baseline 0 -20"><span class='ocrx_word' id='word_1_98' title='bbox 95 1413 121 1475; x_wconf 87' lang='lat' dir='ltr'><strong>is</strong></span> <span class='ocrx_word' id='word_1_99' title='bbox 146 1413 207 1475; x_wconf 91' lang='lat' dir='ltr'><strong>uisi</strong></span> <span class='ocrx_word' id='word_1_100' title='bbox 232 1429 357 1494; x_wconf 88' lang='lat' dir='ltr'><strong>prorsus</strong></span> <span class='ocrx_word' id='word_1_101' title='bbox 384 1411 488 1488; x_wconf 88' lang='lat' dir='ltr'><strong>miser,</strong></span> <span class='ocrx_word' id='word_1_102' title='bbox 515 1420 596 1474; x_wconf 85' lang='lat' dir='ltr'><strong>uerte</strong></span> <span class='ocrx_word' id='word_1_103' title='bbox 625 1420 715 1493; x_wconf 88' lang='lat' dir='ltr'><strong>poeto</strong></span> <span class='ocrx_word' id='word_1_104' title='bbox 742 1427 803 1474; x_wconf 91' lang='lat' dir='ltr'><strong>uon</strong></span> <span class='ocrx_word' id='word_1_105' title='bbox 832 1419 886 1474; x_wconf 89' lang='lat' dir='ltr'><strong>est.</strong></span> <span class='ocrx_word' id='word_1_106' title='bbox 934 1413 1059 1476; x_wconf 83' lang='lat' dir='ltr'><strong>Frustra</strong></span> <span class='ocrx_word' id='word_1_107' title='bbox 1088 1413 1165 1474; x_wconf 89' lang='lat' dir='ltr'><strong>euim</strong></span> 
     </span>
     <span class='ocr_line' id='line_1_13' title="bbox 96 1496 1164 1572; baseline 0 -11"><span class='ocrx_word' id='word_1_108' title='bbox 96 1515 159 1561; x_wconf 89' lang='lat' dir='ltr'><strong>eum</strong></span> <span class='ocrx_word' id='word_1_109' title='bbox 181 1499 271 1562; x_wconf 87' lang='lat' dir='ltr'><strong>tarda</strong></span> <span class='ocrx_word' id='word_1_110' title='bbox 298 1498 337 1561; x_wconf 87' lang='lat' dir='ltr'><strong>sit</strong></span> <span class='ocrx_word' id='word_1_111' title='bbox 364 1506 472 1560; x_wconf 88' lang='lat' dir='ltr'><strong>natura</strong></span> <span class='ocrx_word' id='word_1_112' title='bbox 494 1505 523 1560; x_wconf 90' lang='lat' dir='ltr'><strong>et</strong></span> <span class='ocrx_word' id='word_1_113' title='bbox 548 1496 669 1560; x_wconf 80' lang='lat' dir='ltr'><strong>hebetes</strong></span> <span class='ocrx_word' id='word_1_114' title='bbox 691 1497 785 1572; x_wconf 88' lang='lat' dir='ltr'><strong>oeuli,</strong></span> <span class='ocrx_word' id='word_1_115' title='bbox 813 1499 902 1560; x_wconf 83' lang='lat' dir='ltr'><strong>uitam</strong></span> <span class='ocrx_word' id='word_1_116' title='bbox 924 1506 953 1560; x_wconf 83' lang='lat' dir='ltr'><strong>ei</strong></span> <span class='ocrx_word' id='word_1_117' title='bbox 979 1497 1164 1561; x_wconf 80' lang='lat' dir='ltr'><strong>conditiones</strong></span> 
     </span>
     <span class='ocr_line' id='line_1_14' title="bbox 96 1583 1165 1666; baseline -0.002 -18"><span class='ocrx_word' id='word_1_118' title='bbox 96 1592 225 1660; x_wconf 86' lang='lat' dir='ltr'><strong>aoeusat,</strong></span> <span class='ocrx_word' id='word_1_119' title='bbox 246 1585 331 1666; x_wconf 83' lang='lat' dir='ltr'><strong>quasi</strong></span> <span class='ocrx_word' id='word_1_120' title='bbox 353 1583 511 1646; x_wconf 78' lang='lat' dir='ltr'><strong>colonibus·</strong></span> <span class='ocrx_word' id='word_1_121' title='bbox 523 1591 655 1646; x_wconf 84' lang='lat' dir='ltr'><strong>careant.</strong></span> <span class='ocrx_word' id='word_1_122' title='bbox 698 1583 761 1646; x_wconf 86' lang='lat' dir='ltr'><strong>Nee</strong></span> <span class='ocrx_word' id='word_1_123' title='bbox 779 1584 855 1646; x_wconf 92' lang='lat' dir='ltr'><strong>euim</strong></span> <span class='ocrx_word' id='word_1_124' title='bbox 876 1591 927 1645; x_wconf 84' lang='lat' dir='ltr'><strong>aut</strong></span> <span class='ocrx_word' id='word_1_125' title='bbox 947 1583 1053 1645; x_wconf 83' lang='lat' dir='ltr'><strong>surdus</strong></span> <span class='ocrx_word' id='word_1_126' title='bbox 1072 1583 1165 1659; x_wconf 89' lang='lat' dir='ltr'><strong>audit,</strong></span> 
     </span>
     <span class='ocr_line' id='line_1_15' title="bbox 96 1667 1164 1751; baseline -0.001 -18"><span class='ocrx_word' id='word_1_127' title='bbox 96 1681 145 1734; x_wconf 90' lang='lat' dir='ltr'><strong>aut</strong></span> <span class='ocrx_word' id='word_1_128' title='bbox 166 1687 274 1734; x_wconf 83' lang='lat' dir='ltr'><strong>caecus</strong></span> <span class='ocrx_word' id='word_1_129' title='bbox 293 1668 383 1735; x_wconf 83' lang='lat' dir='ltr'><strong>videt.</strong></span> <span class='ocrx_word' id='word_1_130' title='bbox 426 1668 470 1731; x_wconf 86' lang='lat' dir='ltr'><strong>At</strong></span> <span class='ocrx_word' id='word_1_131' title='bbox 476 1668 492 1732; x_wconf 89' lang='lat' dir='ltr'><strong>i</strong></span> <span class='ocrx_word' id='word_1_132' title='bbox 499 1678 605 1731; x_wconf 90' lang='lat' dir='ltr'><strong>eetns</strong></span> <span class='ocrx_word' id='word_1_133' title='bbox 626 1685 698 1731; x_wconf 83' lang='lat' dir='ltr'><strong>uero</strong></span> <span class='ocrx_word' id='word_1_134' title='bbox 715 1678 746 1733; x_wconf 90' lang='lat' dir='ltr'><strong>et</strong></span> <span class='ocrx_word' id='word_1_135' title='bbox 764 1670 956 1751; x_wconf 85' lang='lat' dir='ltr'><strong>pugnantium</strong></span> <span class='ocrx_word' id='word_1_136' title='bbox 973 1667 1164 1750; x_wconf 79' lang='lat' dir='ltr'><strong>cupiditatum</strong></span> 
     </span>
     <span class='ocr_line' id='line_1_16' title="bbox 96 1754 1164 1839; baseline -0.004 -19"><span class='ocrx_word' id='word_1_137' title='bbox 96 1758 275 1834; x_wconf 88' lang='lat' dir='ltr'><strong>eertomiua,</strong></span> <span class='ocrx_word' id='word_1_138' title='bbox 300 1757 332 1818; x_wconf 92' lang='lat' dir='ltr'><strong>iu</strong></span> <span class='ocrx_word' id='word_1_139' title='bbox 359 1754 465 1839; x_wconf 75' lang='lat' dir='ltr'><strong>quibus</strong></span> <span class='ocrx_word' id='word_1_140' title='bbox 493 1754 580 1835; x_wconf 79' lang='lat' dir='ltr'><strong>lyrioi</strong></span> <span class='ocrx_word' id='word_1_141' title='bbox 606 1755 744 1818; x_wconf 79' lang='lat' dir='ltr'><strong>carminis</strong></span> <span class='ocrx_word' id='word_1_142' title='bbox 770 1772 882 1817; x_wconf 86' lang='lat' dir='ltr'><strong>summa</strong></span> <span class='ocrx_word' id='word_1_143' title='bbox 907 1763 1058 1830; x_wconf 80' lang='lat' dir='ltr'><strong>versatur,</strong></span> <span class='ocrx_word' id='word_1_144' title='bbox 1086 1755 1101 1816; x_wconf 89' lang='lat' dir='ltr'><strong>i</strong></span> <span class='ocrx_word' id='word_1_145' title='bbox 1106 1755 1164 1816; x_wconf 91' lang='lat' dir='ltr'><strong>iu-</strong></span> 
     </span>
     <span class='ocr_line' id='line_1_17' title="bbox 95 1839 1163 1924; baseline -0.004 -18"><span class='ocrx_word' id='word_1_146' title='bbox 95 1861 206 1924; x_wconf 84' lang='lat' dir='ltr'><strong>gere‚</strong></span> <span class='ocrx_word' id='word_1_147' title='bbox 234 1860 293 1906; x_wconf 89' lang='lat' dir='ltr'><strong>nou</strong></span> <span class='ocrx_word' id='word_1_148' title='bbox 319 1841 407 1905; x_wconf 88' lang='lat' dir='ltr'><strong>modo</strong></span> <span class='ocrx_word' id='word_1_149' title='bbox 436 1853 558 1922; x_wconf 86' lang='lat' dir='ltr'><strong>poetae,</strong></span> <span class='ocrx_word' id='word_1_150' title='bbox 588 1839 642 1903; x_wconf 91' lang='lat' dir='ltr'><strong>sed</strong></span> <span class='ocrx_word' id='word_1_151' title='bbox 670 1859 707 1904; x_wconf 89' lang='lat' dir='ltr'><strong>ne</strong></span> <span class='ocrx_word' id='word_1_152' title='bbox 735 1841 876 1922; x_wconf 90' lang='lat' dir='ltr'><strong>simpliois</strong></span> <span class='ocrx_word' id='word_1_153' title='bbox 899 1840 1015 1922; x_wconf 86' lang='lat' dir='ltr'><strong>quidem</strong></span> <span class='ocrx_word' id='word_1_154' title='bbox 1039 1842 1163 1903; x_wconf 85' lang='lat' dir='ltr'><strong>bominis</strong></span> 
     </span>
     <span class='ocr_line' id='line_1_18' title="bbox 95 1926 1165 2004; baseline -0.001 -12"><span class='ocrx_word' id='word_1_155' title='bbox 95 1939 156 2000; x_wconf 88' lang='lat' dir='ltr'><strong>est,</strong></span> <span class='ocrx_word' id='word_1_156' title='bbox 186 1945 225 1992; x_wconf 94' lang='lat' dir='ltr'><strong>ue</strong></span> <span class='ocrx_word' id='word_1_157' title='bbox 253 1928 364 2004; x_wconf 82' lang='lat' dir='ltr'><strong>diuam,</strong></span> <span class='ocrx_word' id='word_1_158' title='bbox 390 1928 466 1991; x_wconf 86' lang='lat' dir='ltr'><strong>sani.</strong></span> <span class='ocrx_word' id='word_1_159' title='bbox 507 1926 614 1990; x_wconf 86' lang='lat' dir='ltr'><strong>Pretus</strong></span> <span class='ocrx_word' id='word_1_160' title='bbox 643 1928 719 1989; x_wconf 88' lang='lat' dir='ltr'><strong>enirn</strong></span> <span class='ocrx_word' id='word_1_161' title='bbox 745 1946 832 1990; x_wconf 90' lang='lat' dir='ltr'><strong>uuum</strong></span> <span class='ocrx_word' id='word_1_162' title='bbox 858 1936 903 1990; x_wconf 85' lang='lat' dir='ltr'><strong>est</strong></span> <span class='ocrx_word' id='word_1_163' title='bbox 929 1926 1107 1990; x_wconf 79' lang='lat' dir='ltr'><strong>domicilium</strong></span> <span class='ocrx_word' id='word_1_164' title='bbox 1134 1935 1165 1991; x_wconf 92' lang='lat' dir='ltr'><strong>et</strong></span> 
     </span>
     <span class='ocr_line' id='line_1_19' title="bbox 95 2009 1166 2093; baseline -0.001 -16"><span class='ocrx_word' id='word_1_165' title='bbox 95 2015 182 2077; x_wconf 89' lang='lat' dir='ltr'><strong>sedes</strong></span> <span class='ocrx_word' id='word_1_166' title='bbox 210 2014 359 2078; x_wconf 81' lang='lat' dir='ltr'><strong>scintiliae</strong></span> <span class='ocrx_word' id='word_1_167' title='bbox 382 2014 465 2077; x_wconf 89' lang='lat' dir='ltr'><strong>illius</strong></span> <span class='ocrx_word' id='word_1_168' title='bbox 490 2012 601 2075; x_wconf 89' lang='lat' dir='ltr'><strong>bomini</strong></span> <span class='ocrx_word' id='word_1_169' title='bbox 628 2009 767 2077; x_wconf 80' lang='lat' dir='ltr'><strong>diuinitus</strong></span> <span class='ocrx_word' id='word_1_170' title='bbox 786 2014 951 2090; x_wconf 87' lang='lat' dir='ltr'><strong>immissae,</strong></span> <span class='ocrx_word' id='word_1_171' title='bbox 976 2012 1057 2093; x_wconf 85' lang='lat' dir='ltr'><strong>qnod</strong></span> <span class='ocrx_word' id='word_1_172' title='bbox 1079 2013 1166 2092; x_wconf 86' lang='lat' dir='ltr'><strong>iuge·</strong></span> 
     </span>
     <span class='ocr_line' id='line_1_20' title="bbox 95 2097 1165 2181; baseline -0.004 -17"><span class='ocrx_word' id='word_1_173' title='bbox 95 2103 175 2164; x_wconf 91' lang='lat' dir='ltr'><strong>nium</strong></span> <span class='ocrx_word' id='word_1_174' title='bbox 195 2117 344 2165; x_wconf 80' lang='lat' dir='ltr'><strong>nodamus.</strong></span> <span class='ocrx_word' id='word_1_175' title='bbox 387 2100 443 2162; x_wconf 83' lang='lat' dir='ltr'><strong>iiio</strong></span> <span class='ocrx_word' id='word_1_176' title='bbox 464 2117 541 2181; x_wconf 88' lang='lat' dir='ltr'><strong>qnae</strong></span> <span class='ocrx_word' id='word_1_177' title='bbox 562 2115 652 2162; x_wconf 84' lang='lat' dir='ltr'><strong>nere</strong></span> <span class='ocrx_word' id='word_1_178' title='bbox 677 2108 760 2176; x_wconf 85' lang='lat' dir='ltr'><strong>sunt,</strong></span> <span class='ocrx_word' id='word_1_179' title='bbox 788 2097 945 2163; x_wconf 89' lang='lat' dir='ltr'><strong>dnmmodo</strong></span> <span class='ocrx_word' id='word_1_180' title='bbox 969 2099 1049 2180; x_wconf 78' lang='lat' dir='ltr'><strong>ipse,</strong></span> <span class='ocrx_word' id='word_1_181' title='bbox 1079 2115 1165 2179; x_wconf 86' lang='lat' dir='ltr'><strong>quem</strong></span> 
     </span>
     <span class='ocr_line' id='line_1_21' title="bbox 94 2182 1166 2270; baseline 0.002 -22"><span class='ocrx_word' id='word_1_182' title='bbox 94 2187 247 2266; x_wconf 75' lang='lat' dir='ltr'><strong>fingimus,</strong></span> <span class='ocrx_word' id='word_1_183' title='bbox 268 2188 307 2250; x_wconf 91' lang='lat' dir='ltr'><strong>sit</strong></span> <span class='ocrx_word' id='word_1_184' title='bbox 323 2194 429 2270; x_wconf 89' lang='lat' dir='ltr'><strong>poeta,</strong></span> <span class='ocrx_word' id='word_1_185' title='bbox 452 2186 541 2249; x_wconf 82' lang='lat' dir='ltr'><strong>etiam</strong></span> <span class='ocrx_word' id='word_1_186' title='bbox 560 2202 650 2248; x_wconf 83' lang='lat' dir='ltr'><strong>nera</strong></span> <span class='ocrx_word' id='word_1_187' title='bbox 670 2186 743 2261; x_wconf 88' lang='lat' dir='ltr'><strong>aiut,</strong></span> <span class='ocrx_word' id='word_1_188' title='bbox 766 2194 796 2247; x_wconf 86' lang='lat' dir='ltr'><strong>et</strong></span> <span class='ocrx_word' id='word_1_189' title='bbox 814 2185 924 2248; x_wconf 87' lang='lat' dir='ltr'><strong>nullius</strong></span> <span class='ocrx_word' id='word_1_190' title='bbox 945 2185 992 2248; x_wconf 90' lang='lat' dir='ltr'><strong>rei</strong></span> <span class='ocrx_word' id='word_1_191' title='bbox 1013 2182 1166 2250; x_wconf 80' lang='lat' dir='ltr'><strong>additione</strong></span> 
     </span>
     <span class='ocr_line' id='line_1_22' title="bbox 95 2271 1166 2354; baseline -0.002 -19"><span class='ocrx_word' id='word_1_192' title='bbox 95 2275 223 2354; x_wconf 85' lang='lat' dir='ltr'><strong>pulebra</strong></span> <span class='ocrx_word' id='word_1_193' title='bbox 249 2280 279 2336; x_wconf 87' lang='lat' dir='ltr'><strong>et</strong></span> <span class='ocrx_word' id='word_1_194' title='bbox 310 2273 487 2354; x_wconf 89' lang='lat' dir='ltr'><strong>poetiea,</strong></span> <span class='ocrx_word' id='word_1_195' title='bbox 515 2287 637 2334; x_wconf 87' lang='lat' dir='ltr'><strong>neeesse</strong></span> <span class='ocrx_word' id='word_1_196' title='bbox 666 2281 721 2335; x_wconf 91' lang='lat' dir='ltr'><strong>est.</strong></span> <span class='ocrx_word' id='word_1_197' title='bbox 767 2271 824 2335; x_wconf 86' lang='lat' dir='ltr'><strong>iiie</strong></span> <span class='ocrx_word' id='word_1_198' title='bbox 851 2273 946 2352; x_wconf 84' lang='lat' dir='ltr'><strong>igitur</strong></span> <span class='ocrx_word' id='word_1_199' title='bbox 976 2271 1166 2352; x_wconf 83' lang='lat' dir='ltr'><strong>incorruptus</strong></span> 
     </span>
     <span class='ocr_line' id='line_1_23' title="bbox 95 2356 1178 2441; baseline -0.001 -20"><span class='ocrx_word' id='word_1_200' title='bbox 95 2359 366 2424; x_wconf 84' lang='lat' dir='ltr'><strong>motuumillorum</strong></span> <span class='ocrx_word' id='word_1_201' title='bbox 383 2359 461 2434; x_wconf 87' lang='lat' dir='ltr'><strong>fons,</strong></span> <span class='ocrx_word' id='word_1_202' title='bbox 482 2374 556 2440; x_wconf 83' lang='lat' dir='ltr'><strong>quos</strong></span> <span class='ocrx_word' id='word_1_203' title='bbox 577 2356 688 2438; x_wconf 79' lang='lat' dir='ltr'><strong>lyricus</strong></span> <span class='ocrx_word' id='word_1_204' title='bbox 705 2366 796 2441; x_wconf 87' lang='lat' dir='ltr'><strong>poeta</strong></span> <span class='ocrx_word' id='word_1_205' title='bbox 816 2358 1019 2436; x_wconf 79' lang='lat' dir='ltr'><strong>stetegornn</strong></span> <span class='ocrx_word' id='word_1_206' title='bbox 1036 2357 1178 2438; x_wconf 83' lang='lat' dir='ltr'><strong>seriptor</strong></span> 
     </span>
     <span class='ocr_line' id='line_1_24' title="bbox 96 2443 1166 2526; baseline 0 -20"><span class='ocrx_word' id='word_1_207' title='bbox 96 2445 231 2525; x_wconf 86' lang='lat' dir='ltr'><strong>integros</strong></span> <span class='ocrx_word' id='word_1_208' title='bbox 259 2446 289 2507; x_wconf 89' lang='lat' dir='ltr'><strong>iu</strong></span> <span class='ocrx_word' id='word_1_209' title='bbox 318 2446 449 2507; x_wconf 78' lang='lat' dir='ltr'><strong>carmine</strong></span> <span class='ocrx_word' id='word_1_210' title='bbox 477 2444 572 2525; x_wconf 82' lang='lat' dir='ltr'><strong>ponit.</strong></span> <span class='ocrx_word' id='word_1_211' title='bbox 614 2443 703 2520; x_wconf 59' lang='lat' dir='ltr'><strong>»Quos</strong></span> <span class='ocrx_word' id='word_1_212' title='bbox 733 2444 785 2526; x_wconf 86' lang='lat' dir='ltr'><strong>qui</strong></span> <span class='ocrx_word' id='word_1_213' title='bbox 813 2461 871 2506; x_wconf 92' lang='lat' dir='ltr'><strong>uon</strong></span> <span class='ocrx_word' id='word_1_214' title='bbox 900 2444 1006 2517; x_wconf 90' lang='lat' dir='ltr'><strong>sensit,</strong></span> <span class='ocrx_word' id='word_1_215' title='bbox 1034 2444 1166 2506; x_wconf 80' lang='lat' dir='ltr'><strong>iuvenire</strong></span> 
     </span>
     <span class='ocr_line' id='line_1_25' title="bbox 94 2529 1165 2614; baseline -0.003 -21"><span class='ocrx_word' id='word_1_216' title='bbox 94 2532 177 2594; x_wconf 87' lang='lat' dir='ltr'><strong>nulio</strong></span> <span class='ocrx_word' id='word_1_217' title='bbox 197 2540 288 2614; x_wconf 83' lang='lat' dir='ltr'><strong>poeto</strong></span> <span class='ocrx_word' id='word_1_218' title='bbox 305 2541 413 2613; x_wconf 88' lang='lat' dir='ltr'><strong>potest,</strong></span> <span class='ocrx_word' id='word_1_219' title='bbox 433 2545 487 2594; x_wconf 88' lang='lat' dir='ltr'><strong>nee</strong></span> <span class='ocrx_word' id='word_1_220' title='bbox 507 2547 630 2610; x_wconf 85' lang='lat' dir='ltr'><strong>nsquam</strong></span> <span class='ocrx_word' id='word_1_221' title='bbox 648 2529 768 2610; x_wconf 73' lang='lat' dir='ltr'><strong>oogua&#39;d</strong></span> <span class='ocrx_word' id='word_1_222' title='bbox 790 2547 893 2593; x_wconf 89' lang='lat' dir='ltr'><strong>sensns</strong></span> <span class='ocrx_word' id='word_1_223' title='bbox 914 2545 1020 2610; x_wconf 81' lang='lat' dir='ltr'><strong>expers</strong></span> <span class='ocrx_word' id='word_1_224' title='bbox 1040 2530 1165 2592; x_wconf 81' lang='lat' dir='ltr'><strong>inritatio</strong></span> 
     </span>
     <span class='ocr_line' id='line_1_26' title="bbox 94 2606 1166 2698; baseline -0.002 -19"><span class='ocrx_word' id='word_1_225' title='bbox 94 2618 191 2698; x_wconf 83' lang='lat' dir='ltr'><strong>magis</strong></span> <span class='ocrx_word' id='word_1_226' title='bbox 218 2606 345 2698; x_wconf 77' lang='lat' dir='ltr'><strong>frigeat,</strong></span> <span class='ocrx_word' id='word_1_227' title='bbox 372 2633 458 2698; x_wconf 86' lang='lat' dir='ltr'><strong>quam</strong></span> <span class='ocrx_word' id='word_1_228' title='bbox 485 2616 516 2678; x_wconf 89' lang='lat' dir='ltr'><strong>in</strong></span> <span class='ocrx_word' id='word_1_229' title='bbox 542 2616 599 2677; x_wconf 86' lang='lat' dir='ltr'><strong>boe</strong></span> <span class='ocrx_word' id='word_1_230' title='bbox 626 2632 748 2694; x_wconf 83' lang='lat' dir='ltr'><strong>genere.</strong></span> <span class='ocrx_word' id='word_1_231' title='bbox 797 2614 883 2679; x_wconf 89' lang='lat' dir='ltr'><strong>Uude</strong></span> <span class='ocrx_word' id='word_1_232' title='bbox 910 2615 1064 2696; x_wconf 82' lang='lat' dir='ltr'><strong>egregium</strong></span> <span class='ocrx_word' id='word_1_233' title='bbox 1090 2615 1166 2677; x_wconf 87' lang='lat' dir='ltr'><strong>illud</strong></span> 
     </span>
     <span class='ocr_line' id='line_1_27' title="bbox 94 2701 1166 2767; baseline -0.003 -1"><span class='ocrx_word' id='word_1_234' title='bbox 94 2704 289 2767; x_wconf 76' lang='lat' dir='ltr'><strong>donatianum</strong></span> <span class='ocrx_word' id='word_1_235' title='bbox 319 2703 356 2766; x_wconf 94' lang='lat' dir='ltr'><strong>de</strong></span> <span class='ocrx_word' id='word_1_236' title='bbox 376 2702 500 2766; x_wconf 90' lang='lat' dir='ltr'><strong>Pindari</strong></span> <span class='ocrx_word' id='word_1_237' title='bbox 527 2701 724 2764; x_wconf 77' lang='lat' dir='ltr'><strong>sectatoribus</strong></span> <span class='ocrx_word' id='word_1_238' title='bbox 749 2701 899 2764; x_wconf 79' lang='lat' dir='ltr'><strong>iudicium.</strong></span> <span class='ocrx_word' id='word_1_239' title='bbox 947 2702 1023 2764; x_wconf 88' lang='lat' dir='ltr'><strong>Hine</strong></span> <span class='ocrx_word' id='word_1_240' title='bbox 1051 2718 1166 2764; x_wconf 84' lang='lat' dir='ltr'><strong>ueras</strong></span> 
     </span>
     <span class='ocr_line' id='line_1_28' title="bbox 96 2787 1239 2869; baseline -0.002 -18"><span class='ocrx_word' id='word_1_241' title='bbox 96 2790 247 2869; x_wconf 75' lang='lat' dir='ltr'><strong>elegias</strong></span> <span class='ocrx_word' id='word_1_242' title='bbox 275 2807 341 2853; x_wconf 89' lang='lat' dir='ltr'><strong>esse</strong></span> <span class='ocrx_word' id='word_1_243' title='bbox 370 2809 439 2866; x_wconf 90' lang='lat' dir='ltr'><strong>eas,</strong></span> <span class='ocrx_word' id='word_1_244' title='bbox 468 2807 542 2869; x_wconf 86' lang='lat' dir='ltr'><strong>quas</strong></span> <span class='ocrx_word' id='word_1_245' title='bbox 568 2795 659 2869; x_wconf 86' lang='lat' dir='ltr'><strong>poeto</strong></span> <span class='ocrx_word' id='word_1_246' title='bbox 685 2787 809 2869; x_wconf 88' lang='lat' dir='ltr'><strong>ipsius</strong></span> <span class='ocrx_word' id='word_1_247' title='bbox 839 2789 943 2851; x_wconf 80' lang='lat' dir='ltr'><strong>uitae</strong></span> <span class='ocrx_word' id='word_1_248' title='bbox 973 2788 1102 2849; x_wconf 81' lang='lat' dir='ltr'><strong>causis</strong></span> <span class='ocrx_word' id='word_1_249' title='bbox 1131 2795 1167 2850; x_wconf 88' lang='lat' dir='ltr'><strong>et</strong></span> <span class='ocrx_word' id='word_1_250' title='bbox 1232 2811 1239 2820; x_wconf 58' lang='grc'><strong>“</strong></span> 
     </span>
     <span class='ocr_line' id='line_1_29' title="bbox 97 2873 1167 2941; baseline -0.004 -3"><span class='ocrx_word' id='word_1_251' title='bbox 97 2877 305 2939; x_wconf 90' lang='lat' dir='ltr'><strong>oeeasione</strong></span> <span class='ocrx_word' id='word_1_252' title='bbox 327 2886 443 2941; x_wconf 82' lang='lat' dir='ltr'><strong>¹serta</strong></span> <span class='ocrx_word' id='word_1_253' title='bbox 470 2883 589 2937; x_wconf 87' lang='lat' dir='ltr'><strong>motus</strong></span> <span class='ocrx_word' id='word_1_254' title='bbox 619 2881 656 2936; x_wconf 90' lang='lat' dir='ltr'><strong>et</strong></span> <span class='ocrx_word' id='word_1_255' title='bbox 682 2873 720 2936; x_wconf 93' lang='lat' dir='ltr'><strong>iu</strong></span> <span class='ocrx_word' id='word_1_256' title='bbox 745 2874 913 2936; x_wconf 87' lang='lat' dir='ltr'><strong>earmina</strong></span> <span class='ocrx_word' id='word_1_257' title='bbox 938 2882 1046 2934; x_wconf 89' lang='lat' dir='ltr'><strong>aetus</strong></span> <span class='ocrx_word' id='word_1_258' title='bbox 1069 2874 1167 2934; x_wconf 88' lang='lat' dir='ltr'><strong>sori-</strong></span> 
     </span>
     <span class='ocr_line' id='line_1_30' title="bbox 96 2958 1168 3043; baseline -0.004 -19"><span class='ocrx_word' id='word_1_259' title='bbox 96 2965 238 3043; x_wconf 88' lang='lat' dir='ltr'><strong>pserit,</strong></span> <span class='ocrx_word' id='word_1_260' title='bbox 265 2973 405 3042; x_wconf 86' lang='lat' dir='ltr'><strong>apparet:</strong></span> <span class='ocrx_word' id='word_1_261' title='bbox 428 2977 596 3041; x_wconf 86' lang='lat' dir='ltr'><strong>quanquam</strong></span> <span class='ocrx_word' id='word_1_262' title='bbox 616 2958 751 3036; x_wconf 85' lang='lat' dir='ltr'><strong>inerunt,</strong></span> <span class='ocrx_word' id='word_1_263' title='bbox 774 2976 849 3040; x_wconf 75' lang='lat' dir='ltr'><strong>quos</strong></span> <span class='ocrx_word' id='word_1_264' title='bbox 871 2967 963 3023; x_wconf 89' lang='lat' dir='ltr'><strong>totum</strong></span> <span class='ocrx_word' id='word_1_265' title='bbox 985 2959 1042 3020; x_wconf 86' lang='lat' dir='ltr'><strong>boo</strong></span> <span class='ocrx_word' id='word_1_266' title='bbox 1065 2976 1168 3037; x_wconf 86' lang='lat' dir='ltr'><strong>genus,</strong></span> 
     </span>
     <span class='ocr_line' id='line_1_31' title="bbox 97 3043 1169 3128; baseline -0.004 -18"><span class='ocrx_word' id='word_1_267' title='bbox 97 3049 234 3128; x_wconf 82' lang='lat' dir='ltr'><strong>quamuis</strong></span> <span class='ocrx_word' id='word_1_268' title='bbox 258 3048 373 3110; x_wconf 81' lang='lat' dir='ltr'><strong>Goethii</strong></span> <span class='ocrx_word' id='word_1_269' title='bbox 395 3048 498 3110; x_wconf 87' lang='lat' dir='ltr'><strong>summi</strong></span> <span class='ocrx_word' id='word_1_270' title='bbox 519 3046 815 3120; x_wconf 68' lang='lat' dir='ltr'><strong>sustentamentum,</strong></span> <span class='ocrx_word' id='word_1_271' title='bbox 837 3043 964 3128; x_wconf 86' lang='lat' dir='ltr'><strong>superbe</strong></span> <span class='ocrx_word' id='word_1_272' title='bbox 982 3053 1169 3106; x_wconf 80' lang='lat' dir='ltr'><strong>rontemnere</strong></span> 
     </span>
     <span class='ocr_line' id='line_1_32' title="bbox 97 3131 1170 3217; baseline -0.004 -21"><span class='ocrx_word' id='word_1_273' title='bbox 97 3152 155 3198; x_wconf 94' lang='lat' dir='ltr'><strong>uon</strong></span> <span class='ocrx_word' id='word_1_274' title='bbox 171 3133 309 3217; x_wconf 84' lang='lat' dir='ltr'><strong>puderet.</strong></span> <span class='ocrx_word' id='word_1_275' title='bbox 352 3135 413 3197; x_wconf 87' lang='lat' dir='ltr'><strong>Has</strong></span> <span class='ocrx_word' id='word_1_276' title='bbox 430 3142 526 3196; x_wconf 87' lang='lat' dir='ltr'><strong>autem</strong></span> <span class='ocrx_word' id='word_1_277' title='bbox 545 3131 717 3195; x_wconf 87' lang='lat' dir='ltr'><strong>oeensiones</strong></span> <span class='ocrx_word' id='word_1_278' title='bbox 738 3150 846 3214; x_wconf 83' lang='lat' dir='ltr'><strong>parnas</strong></span> <span class='ocrx_word' id='word_1_279' title='bbox 863 3147 1078 3212; x_wconf 84' lang='lat' dir='ltr'><strong>saepenumero</strong></span> <span class='ocrx_word' id='word_1_280' title='bbox 1094 3147 1170 3204; x_wconf 86' lang='lat' dir='ltr'><strong>esse,</strong></span> 
     </span>
     <span class='ocr_line' id='line_1_33' title="bbox 100 3217 1170 3301; baseline -0.004 -19"><span class='ocrx_word' id='word_1_281' title='bbox 100 3229 129 3282; x_wconf 87' lang='lat' dir='ltr'><strong>et</strong></span> <span class='ocrx_word' id='word_1_282' title='bbox 151 3237 228 3300; x_wconf 86' lang='lat' dir='ltr'><strong>qnae</strong></span> <span class='ocrx_word' id='word_1_283' title='bbox 250 3221 309 3282; x_wconf 89' lang='lat' dir='ltr'><strong>uisi</strong></span> <span class='ocrx_word' id='word_1_284' title='bbox 330 3219 388 3301; x_wconf 91' lang='lat' dir='ltr'><strong>ipsi</strong></span> <span class='ocrx_word' id='word_1_285' title='bbox 413 3228 520 3301; x_wconf 87' lang='lat' dir='ltr'><strong>poetae</strong></span> <span class='ocrx_word' id='word_1_286' title='bbox 542 3226 593 3281; x_wconf 90' lang='lat' dir='ltr'><strong>aut</strong></span> <span class='ocrx_word' id='word_1_287' title='bbox 615 3218 734 3300; x_wconf 83' lang='lat' dir='ltr'><strong>pulchri</strong></span> <span class='ocrx_word' id='word_1_288' title='bbox 761 3218 945 3282; x_wconf 84' lang='lat' dir='ltr'><strong>aestimatori</strong></span> <span class='ocrx_word' id='word_1_289' title='bbox 971 3217 1081 3279; x_wconf 91' lang='lat' dir='ltr'><strong>minimi</strong></span> <span class='ocrx_word' id='word_1_290' title='bbox 1106 3233 1170 3278; x_wconf 86' lang='lat' dir='ltr'><strong>mo·</strong></span> 
     </span>
     <span class='ocr_line' id='line_1_34' title="bbox 100 3301 1169 3386; baseline -0.005 -19"><span class='ocrx_word' id='word_1_291' title='bbox 100 3307 188 3369; x_wconf 89' lang='lat' dir='ltr'><strong>menti</strong></span> <span class='ocrx_word' id='word_1_292' title='bbox 216 3306 374 3370; x_wconf 83' lang='lat' dir='ltr'><strong>uideantur</strong></span> <span class='ocrx_word' id='word_1_293' title='bbox 403 3307 555 3386; x_wconf 82' lang='lat' dir='ltr'><strong>uisumque</strong></span> <span class='ocrx_word' id='word_1_294' title='bbox 588 3304 721 3384; x_wconf 81' lang='lat' dir='ltr'><strong>fugiant,</strong></span> <span class='ocrx_word' id='word_1_295' title='bbox 756 3323 794 3366; x_wconf 82' lang='lat' dir='ltr'><strong>en</strong></span> <span class='ocrx_word' id='word_1_296' title='bbox 824 3303 912 3368; x_wconf 91' lang='lat' dir='ltr'><strong>modo</strong></span> <span class='ocrx_word' id='word_1_297' title='bbox 941 3301 1027 3365; x_wconf 87' lang='lat' dir='ltr'><strong>dietis</strong></span> <span class='ocrx_word' id='word_1_298' title='bbox 1063 3313 1169 3384; x_wconf 85' lang='lat' dir='ltr'><strong>sponte</strong></span> 
     </span>
     <span class='ocr_line' id='line_1_35' title="bbox 101 3389 1169 3473; baseline -0.003 -21"><span class='ocrx_word' id='word_1_299' title='bbox 101 3393 242 3472; x_wconf 84' lang='lat' dir='ltr'><strong>sequitur.</strong></span> <span class='ocrx_word' id='word_1_300' title='bbox 290 3392 403 3472; x_wconf 81' lang='lat' dir='ltr'><strong>Purget</strong></span> <span class='ocrx_word' id='word_1_301' title='bbox 430 3400 527 3455; x_wconf 88' lang='lat' dir='ltr'><strong>tamen</strong></span> <span class='ocrx_word' id='word_1_302' title='bbox 555 3407 606 3452; x_wconf 88' lang='lat' dir='ltr'><strong>eas</strong></span> <span class='ocrx_word' id='word_1_303' title='bbox 635 3400 741 3473; x_wconf 85' lang='lat' dir='ltr'><strong>poeta,</strong></span> <span class='ocrx_word' id='word_1_304' title='bbox 768 3391 890 3471; x_wconf 87' lang='lat' dir='ltr'><strong>iugenio</strong></span> <span class='ocrx_word' id='word_1_305' title='bbox 919 3389 989 3465; x_wconf 86' lang='lat' dir='ltr'><strong>alit,</strong></span> <span class='ocrx_word' id='word_1_306' title='bbox 1016 3391 1050 3452; x_wconf 95' lang='lat' dir='ltr'><strong>iu</strong></span> <span class='ocrx_word' id='word_1_307' title='bbox 1075 3390 1169 3451; x_wconf 88' lang='lat' dir='ltr'><strong>mains</strong></span> 
     </span>
     <span class='ocr_line' id='line_1_36' title="bbox 101 3473 626 3561; baseline -0.002 -22"><span class='ocrx_word' id='word_1_308' title='bbox 101 3488 200 3561; x_wconf 83' lang='lat' dir='ltr'><strong>auget.</strong></span> <span class='ocrx_word' id='word_1_309' title='bbox 244 3477 329 3542; x_wconf 88' lang='lat' dir='ltr'><strong>Unde</strong></span> <span class='ocrx_word' id='word_1_310' title='bbox 350 3481 416 3561; x_wconf 90' lang='lat' dir='ltr'><strong>ipse</strong></span> <span class='ocrx_word' id='word_1_311' title='bbox 436 3473 626 3558; x_wconf 85' lang='lat' dir='ltr'><strong>Propertius:</strong></span> 
     </span>
    </p>
   </div>
   <div class='ocr_carea' id='block_1_3' title="bbox 254 3587 1015 3744">
    <p class='ocr_par' dir='ltr' id='par_1_3' title="bbox 254 3587 1015 3744">
     <span class='ocr_line' id='line_1_37' title="bbox 254 3587 1015 3674; baseline -0.003 -13"><span class='ocrx_word' id='word_1_312' title='bbox 254 3607 317 3662; x_wconf 85' lang='lat' dir='ltr'><strong>Non</strong></span> <span class='ocrx_word' id='word_1_313' title='bbox 328 3605 398 3659; x_wconf 83' lang='lat' dir='ltr'><strong>&#39;baec</strong></span> <span class='ocrx_word' id='word_1_314' title='bbox 416 3605 549 3674; x_wconf 75' lang='lat' dir='ltr'><strong>Calliope,</strong></span> <span class='ocrx_word' id='word_1_315' title='bbox 566 3622 619 3658; x_wconf 83' lang='lat' dir='ltr'><strong>non</strong></span> <span class='ocrx_word' id='word_1_316' title='bbox 635 3605 699 3658; x_wconf 84' lang='lat' dir='ltr'><strong>bore</strong></span> <span class='ocrx_word' id='word_1_317' title='bbox 716 3604 778 3658; x_wconf 72' lang='lat' dir='ltr'><strong>mitt</strong></span> <span class='ocrx_word' id='word_1_318' title='bbox 795 3587 886 3657; x_wconf 77' lang='lat' dir='ltr'><strong>enatat</strong></span> <span class='ocrx_word' id='word_1_319' title='bbox 902 3605 1015 3672; x_wconf 78' lang='lat' dir='ltr'><strong>Apollo:</strong></span> 
     </span>
     <span class='ocr_line' id='line_1_38' title="bbox 290 3673 926 3744; baseline 0.003 -18"><span class='ocrx_word' id='word_1_320' title='bbox 290 3676 463 3744; x_wconf 72' lang='lat' dir='ltr'><strong>lupertiano</strong></span> <span class='ocrx_word' id='word_1_321' title='bbox 480 3673 579 3727; x_wconf 86' lang='lat' dir='ltr'><strong>nobis</strong></span> <span class='ocrx_word' id='word_1_322' title='bbox 596 3676 674 3743; x_wconf 85' lang='lat' dir='ltr'><strong>ipso</strong></span> <span class='ocrx_word' id='word_1_323' title='bbox 691 3675 810 3742; x_wconf 79' lang='lat' dir='ltr'><strong>puello</strong></span> <span class='ocrx_word' id='word_1_324' title='bbox 826 3675 926 3742; x_wconf 69' lang='lat' dir='ltr'><strong>feeit.</strong></span> 
     </span>
    </p>
   </div>
   <div class='ocr_carea' id='block_1_4' title="bbox 100 3800 1171 3890">
    <p class='ocr_par' dir='ltr' id='par_1_4' title="bbox 100 3800 1171 3890">
     <span class='ocr_line' id='line_1_39' title="bbox 100 3800 1171 3890; baseline -0.01 -13"><span class='ocrx_word' id='word_1_325' title='bbox 100 3811 139 3877; x_wconf 76' lang='lat' dir='ltr'><strong>bs</strong></span> <span class='ocrx_word' id='word_1_326' title='bbox 158 3830 229 3878; x_wconf 79' lang='lat' dir='ltr'><strong>mox</strong></span> <span class='ocrx_word' id='word_1_327' title='bbox 249 3807 385 3890; x_wconf 83' lang='lat' dir='ltr'><strong>siugulis,</strong></span> <span class='ocrx_word' id='word_1_328' title='bbox 404 3806 511 3889; x_wconf 83' lang='lat' dir='ltr'><strong>quibua</strong></span> <span class='ocrx_word' id='word_1_329' title='bbox 531 3805 564 3869; x_wconf 89' lang='lat' dir='ltr'><strong>in</strong></span> <span class='ocrx_word' id='word_1_330' title='bbox 585 3805 719 3869; x_wconf 87' lang='lat' dir='ltr'><strong>earmina</strong></span> <span class='ocrx_word' id='word_1_331' title='bbox 736 3802 925 3880; x_wconf 83' lang='lat' dir='ltr'><strong>ascendatur,</strong></span> <span class='ocrx_word' id='word_1_332' title='bbox 945 3803 1035 3866; x_wconf 86' lang='lat' dir='ltr'><strong>rebus</strong></span> <span class='ocrx_word' id='word_1_333' title='bbox 1052 3800 1171 3867; x_wconf 84' lang='lat' dir='ltr'><strong>relatis:</strong></span> 
     </span>
    </p>
   </div>
   <div class='ocr_carea' id='block_1_5' title="bbox 254 3935 1041 4064">
    <p class='ocr_par' dir='ltr' id='par_1_5' title="bbox 254 3935 1041 4064">
     <span class='ocr_line' id='line_1_40' title="bbox 254 3935 1041 4012; baseline -0.015 -16"><span class='ocrx_word' id='word_1_334' title='bbox 254 3945 309 3997; x_wconf 75' lang='lat' dir='ltr'><strong>Sea</strong></span> <span class='ocrx_word' id='word_1_335' title='bbox 326 3939 492 4012; x_wconf 77' lang='lat' dir='ltr'><strong>qosdqntd</strong></span> <span class='ocrx_word' id='word_1_336' title='bbox 511 3939 613 4006; x_wconf 74' lang='lat' dir='ltr'><strong>feeit,</strong></span> <span class='ocrx_word' id='word_1_337' title='bbox 631 3938 686 3990; x_wconf 83' lang='lat' dir='ltr'><strong>sive</strong></span> <span class='ocrx_word' id='word_1_338' title='bbox 704 3943 743 3989; x_wconf 82' lang='lat' dir='ltr'><strong>est</strong></span> <span class='ocrx_word' id='word_1_339' title='bbox 760 3935 925 4004; x_wconf 79' lang='lat' dir='ltr'><strong>quodeunque</strong></span> <span class='ocrx_word' id='word_1_340' title='bbox 942 3935 1041 4004; x_wconf 81' lang='lat' dir='ltr'><strong>toenio,</strong></span> 
     </span>
     <span class='ocr_line' id='line_1_41' title="bbox 286 4003 990 4064; baseline -0.014 1"><span class='ocrx_word' id='word_1_341' title='bbox 286 4013 440 4064; x_wconf 74' lang='lat' dir='ltr'><strong>Monimo</strong></span> <span class='ocrx_word' id='word_1_342' title='bbox 456 4010 495 4060; x_wconf 82' lang='lat' dir='ltr'><strong>dr</strong></span> <span class='ocrx_word' id='word_1_343' title='bbox 510 4007 620 4060; x_wconf 79' lang='lat' dir='ltr'><strong>oibiio</strong></span> <span class='ocrx_word' id='word_1_344' title='bbox 641 4008 807 4060; x_wconf 71' lang='lat' dir='ltr'><strong>noscitur</strong></span> <span class='ocrx_word' id='word_1_345' title='bbox 827 4003 990 4055; x_wconf 78' lang='lat' dir='ltr'><strong>distorto.</strong></span> 
     </span>
    </p>
   </div>
   <div class='ocr_carea' id='block_1_6' title="bbox 99 4132 1171 4384">
    <p class='ocr_par' dir='ltr' id='par_1_6' title="bbox 99 4132 1171 4384">
     <span class='ocr_line' id='line_1_42' title="bbox 99 4132 1171 4228; baseline -0.016 -16"><span class='ocrx_word' id='word_1_346' title='bbox 99 4146 204 4228; x_wconf 79' lang='lat' dir='ltr'><strong>Neque</strong></span> <span class='ocrx_word' id='word_1_347' title='bbox 231 4152 264 4207; x_wconf 89' lang='lat' dir='ltr'><strong>nt</strong></span> <span class='ocrx_word' id='word_1_348' title='bbox 290 4143 364 4207; x_wconf 83' lang='lat' dir='ltr'><strong>talin</strong></span> <span class='ocrx_word' id='word_1_349' title='bbox 393 4148 567 4220; x_wconf 85' lang='lat' dir='ltr'><strong>argumenta</strong></span> <span class='ocrx_word' id='word_1_350' title='bbox 591 4139 790 4217; x_wconf 73' lang='lat' dir='ltr'><strong>inveniamus,</strong></span> <span class='ocrx_word' id='word_1_351' title='bbox 818 4137 936 4216; x_wconf 90' lang='lat' dir='ltr'><strong>lougius</strong></span> <span class='ocrx_word' id='word_1_352' title='bbox 968 4132 1171 4217; x_wconf 88' lang='lat' dir='ltr'><strong>quaerendum</strong></span> 
     </span>
     <span class='ocr_line' id='line_1_43' title="bbox 100 4221 1168 4301; baseline -0.013 -3"><span class='ocrx_word' id='word_1_353' title='bbox 100 4242 154 4298; x_wconf 84' lang='lat' dir='ltr'><strong>est.</strong></span> <span class='ocrx_word' id='word_1_354' title='bbox 195 4231 350 4296; x_wconf 86' lang='lat' dir='ltr'><strong>Pertinent</strong></span> <span class='ocrx_word' id='word_1_355' title='bbox 371 4228 448 4290; x_wconf 88' lang='lat' dir='ltr'><strong>enim</strong></span> <span class='ocrx_word' id='word_1_356' title='bbox 470 4244 506 4291; x_wconf 91' lang='lat' dir='ltr'><strong>eo</strong></span> <span class='ocrx_word' id='word_1_357' title='bbox 527 4226 574 4290; x_wconf 88' lang='lat' dir='ltr'><strong>El.</strong></span> <span class='ocrx_word' id='word_1_358' title='bbox 590 4226 620 4301; x_wconf 89' lang='grc'><strong>1,</strong></span> <span class='ocrx_word' id='word_1_359' title='bbox 642 4229 673 4290; x_wconf 88' lang='grc'><strong>2.</strong></span> <span class='ocrx_word' id='word_1_360' title='bbox 694 4229 724 4288; x_wconf 86' lang='grc'><strong>3.</strong></span> <span class='ocrx_word' id='word_1_361' title='bbox 744 4227 776 4288; x_wconf 85' lang='grc'><strong>8.</strong></span> <span class='ocrx_word' id='word_1_362' title='bbox 796 4228 846 4290; x_wconf 93' lang='grc'><strong>11.</strong></span> <span class='ocrx_word' id='word_1_363' title='bbox 864 4225 912 4288; x_wconf 80' lang='grc'><strong>15.</strong></span> <span class='ocrx_word' id='word_1_364' title='bbox 933 4223 1052 4286; x_wconf 82' lang='grc'><strong>1718.</strong></span> <span class='ocrx_word' id='word_1_365' title='bbox 1075 4221 1118 4296; x_wconf 87' lang='grc'><strong>11,</strong></span> <span class='ocrx_word' id='word_1_366' title='bbox 1138 4224 1168 4284; x_wconf 85' lang='grc'><strong>3.</strong></span> 
     </span>
     <span class='ocr_line' id='line_1_44' title="bbox 99 4309 1168 4384; baseline -0.015 0"><span class='ocrx_word' id='word_1_367' title='bbox 99 4321 131 4384; x_wconf 82' lang='lat' dir='ltr'><strong>b.</strong></span> <span class='ocrx_word' id='word_1_368' title='bbox 151 4323 181 4384; x_wconf 88' lang='grc'><strong>7.</strong></span> <span class='ocrx_word' id='word_1_369' title='bbox 202 4321 234 4384; x_wconf 87' lang='grc'><strong>8.</strong></span> <span class='ocrx_word' id='word_1_370' title='bbox 256 4320 358 4381; x_wconf 84' lang='grc'><strong>919.</strong></span> <span class='ocrx_word' id='word_1_371' title='bbox 380 4318 431 4380; x_wconf 92' lang='grc'><strong>11.</strong></span> <span class='ocrx_word' id='word_1_372' title='bbox 454 4317 506 4379; x_wconf 84' lang='grc'><strong>14.</strong></span> <span class='ocrx_word' id='word_1_373' title='bbox 529 4315 580 4378; x_wconf 82' lang='lat'><strong>15.</strong></span> <span class='ocrx_word' id='word_1_374' title='bbox 603 4315 655 4378; x_wconf 84' lang='grc'><strong>16.</strong></span> <span class='ocrx_word' id='word_1_375' title='bbox 678 4315 729 4376; x_wconf 92' lang='grc'><strong>17.</strong></span> <span class='ocrx_word' id='word_1_376' title='bbox 751 4315 802 4376; x_wconf 90' lang='grc'><strong>19.</strong></span> <span class='ocrx_word' id='word_1_377' title='bbox 824 4314 877 4376; x_wconf 89' lang='grc'><strong>20.</strong></span> <span class='ocrx_word' id='word_1_378' title='bbox 897 4313 948 4372; x_wconf 86' lang='grc'><strong>21.</strong></span> <span class='ocrx_word' id='word_1_379' title='bbox 972 4311 1023 4370; x_wconf 87' lang='grc'><strong>26.</strong></span> <span class='ocrx_word' id='word_1_380' title='bbox 1043 4309 1095 4370; x_wconf 84' lang='grc'><strong>28.</strong></span> <span class='ocrx_word' id='word_1_381' title='bbox 1115 4311 1168 4370; x_wconf 89' lang='grc'><strong>29.</strong></span> 
     </span>
    </p>
   </div>
   <div class='ocr_carea' id='block_1_7' title="bbox 0 0 1394 4972">
    <p class='ocr_par' dir='ltr' id='par_1_7' title="bbox 0 0 1394 4972">
     <span class='ocr_line' id='line_1_45' title="bbox 0 0 1394 4972; baseline 0 0"><span class='ocrx_word' id='word_1_382' title='bbox 0 0 1394 4972; x_wconf 95' lang='lat' dir='ltr'><strong> </strong></span> 
     </span>
    </p>
   </div>
  </div>
 </body>
</html>
