2762 4972
392 387 481 458 Caput
500 387 547 441 Vl.
582 386 624 440 De
641 387 801 445 elocutione.
976 461 979 470 Α
1061 378 1136 454 127

68 565 210 646 Propertii
237 564 385 645 paginae,
411 570 444 625 nt
469 561 538 624 binc
558 561 742 644 potissimum
765 562 818 626 alii
848 563 1136 630 tenebricosum

70 663 95 714 et
114 653 288 714 inllatnm
317 649 469 711 scribendi
498 666 591 726 genus
614 649 642 710 ei
665 650 929 730 exprobraverint,
957 653 1011 714 alii
1039 655 1138 731 istam,

70 758 147 820 quam
170 739 237 813 sois,
261 736 504 798 disserendorum
525 745 554 797 et
575 737 863 816 transponendorum
884 755 1020 800 uersuum
1043 741 1138 802 arida·

70 827 138 886 ciam
159 825 218 887 sint
246 823 409 904 auspicati,
437 833 550 894 tameo,
573 823 722 900 ‚quoniam
739 823 866 903 singulis
888 822 965 886 locis
992 843 1062 888 snus
1092 836 1139 891 est

70 912 196 972 modulus
218 928 332 990 suaque
353 911 478 990 propria
501 905 676 987 explicatio,
700 925 765 970 orum
788 910 826 972 ad
850 911 1055 975 enarrationes
1078 914 1139 976 sin·

70 999 199 1076 gulorum
227 997 405 1069 carminum,
432 1005 491 1057 tum
520 991 558 1055 ad
589 1012 641 1068 ea,
671 1012 749 1075 quae
774 995 805 1057 iu
828 995 1023 1078 dispositione
1047 1017 1139 1080 expo-

71 1086 187 1157 suimus,
208 1100 376 1164 prouocare
399 1081 491 1143 satius
515 1077 659 1142 dussimus.
702 1081 758 1143 llio
780 1090 890 1146 tantum
912 1085 1017 1165 pancio
1040 1103 1139 1148 cuem-

70 1171 122 1251 plis
144 1172 348 1232 demonstrare
371 1167 468 1239 irruat,
495 1183 572 1247 quiae
592 1167 631 1229 sit
659 1168 974 1246 enthymematum
998 1178 1028 1233 et
1048 1175 1139 1235 omis-

72 1276 160 1318 surum
182 1258 212 1317 in
234 1255 474 1317 corrclnsiooibus
496 1254 625 1334 partium
648 1252 726 1335 apud
743 1253 1043 1336 Propertiumratic,
1065 1257 1139 1338 quid

72 1345 104 1405 iis
126 1352 300 1423 quaeratur,
323 1338 471 1422 quomodo
494 1339 731 1426 coniunctionum
752 1377 795 1390 -
818 1340 855 1403 de
878 1341 925 1404 bis
948 1345 1023 1405 erim
1046 1345 1140 1407 maxi-

73 1448 112 1490 ne
138 1447 214 1491 nuuc
246 1429 356 1507 agitur·
374 1457 415 1468 -
444 1425 640 1504 significatum
670 1427 700 1487 iu
730 1427 858 1509 speciem
887 1427 978 1508 louge
1007 1430 1139 1495 asolito

73 1517 210 1578 diuersam
234 1515 392 1578 deflectere
413 1512 578 1575 rideantur.
622 1511 808 1574 Facillimum
830 1523 926 1576 antem
949 1532 1053 1595 genuus,
1074 1534 1139 1580 cum

74 1603 262 1664 conclausis
287 1601 444 1672 omittitur,
466 1598 548 1660 relnt
568 1593 627 1672 ΙΙΙ,
648 1602 685 1673 9,
706 1601 853 1676 5-19,,
874 1601 980 1681 quibos
1001 1603 1138 1666 uersibus

73 1706 128 1750 cunr
157 1689 324 1750 intentio
354 1687 553 1758 contineatur,
586 1687 851 1768 assumptione
878 1688 939 1749 iam
965 1689 1142 1770 praemissa,

13 1787 16 1792 ·
74 1773 270 1848 desideratur,
298 1772 351 1834 sed
381 1772 470 1833 iacile
502 1772 599 1832 auimo
634 1769 754 1833 additur
783 1771 928 1836 clausola.
978 1775 1031 1837 His
1060 1792 1140 1838 com-

74 1879 139 1942 para
158 1861 191 1934 l,
213 1864 241 1935 1,
265 1864 327 1934 26,
349 1859 400 1920 ubi
421 1857 499 1920 laiso
521 1865 644 1938 accepta
667 1877 686 1920 a
704 1858 766 1924 VV.
785 1859 851 1921 DD.
873 1861 1020 1923 sententia
1042 1878 1142 1925 emen·

75 1947 156 2013 dandi
177 1965 269 2009 caussa
294 1945 365 2020 iuit3
388 1945 431 2018 11,
454 1947 512 2018 25,
534 1947 580 2016 5.,
609 1943 659 2004 rubi
686 1946 903 2007 contrariarum
933 1965 1032 2010 rernm
1060 1964 1142 2010 corn-

73 2034 221 2113 paratione
243 2035 424 2112 cntlrpmerna
445 2030 491 2104 bt;
511 2030 581 2091 item
605 2033 654 2091 ll.
671 2049 716 2112 sq.
735 2040 764 2094 et
784 2050 888 2096 rursus
908 2036 958 2096 15.
976 2051 1060 2115 sqq.;
1082 2043 1143 2098 tour

76 2120 178 2195 ll,18,
199 2125 229 2183 7.
249 2139 315 2200 sqq.
338 2117 408 2179 coll.
431 2121 482 2181 29.
504 2117 541 2191 ΙΙ,
564 2120 614 2191 13,
635 2119 688 2181 45.
731 2117 835 2199 Neque
853 2118 947 2198 igitur
968 2118 1017 2195 IV,
1038 2125 1069 2196 9,
1087 2121 1141 2186 57.

76 2206 204 2288 Magno
224 2225 279 2287 pro
296 2205 469 2284 Magnam
491 2203 639 2265 conlisere
658 2221 731 2285 opus
750 2212 825 2268 erat.
869 2204 915 2268 Gi.
930 2205 966 2280 11,
981 2209 1033 2282 39,
1046 2210 1141 2272 1-6.

76 2292 130 2354 line
157 2294 285 2374 pertinet
312 2290 453 2374 epodosis
483 2289 561 2351 ratio
587 2292 758 2366 nervosius,
786 2309 851 2352 oum
874 2309 994 2353 cansam
1015 2310 1071 2374 pro
1095 2311 1143 2372 co,

78 2379 147 2458 quod
168 2398 205 2442 ex
226 2397 318 2441 cansa
338 2377 508 2456 colligitur,
529 2385 620 2456 poeta
640 2377 740 2458 pouit,
762 2377 851 2440 sicuti
870 2377 928 2456 1v,
950 2383 1008 2457 ll,
1030 2383 1099 2444 29.;

239 2515 271 2566 Si
288 2514 329 2565 cui
345 2513 421 2580 sumu
437 2512 489 2578 fnit
506 2525 554 2576 per
573 2512 646 2562 uuita
666 2519 779 2577 tropaeo
798 2511 904 2566 decori:

271 2585 340 2650 Afro
357 2581 537 2632 Nantuatibus
553 2594 635 2645 rcpna
656 2581 798 2646 loquantur
814 2596 878 2633 anos
891 2606 927 2620 .-

45 2679 47 2690 Ι
78 2721 121 2784 obi
143 2723 268 2806 proprie·
283 2723 357 2797 boc,
381 2719 460 2803 quod
483 2720 572 2783 tacite
596 2687 753 2796 intelligit,
774 2715 805 2781 iu
826 2720 924 2784 medio
948 2717 1079 2784 debebat
1099 2720 1146 2782 iu·

7 2815 8 2824 ’
78 2819 239 2890 terponere:
270 2828 348 2872 mea
372 2809 470 2871 lama
491 2806 578 2868 mibi
603 2805 705 2867 decori
727 2816 788 2880 est;
819 2825 896 2868 nam
917 2815 985 2870 cett.
1030 2807 1144 2884 Simile,

78 2913 134 2959 cum
155 2915 192 2959 ex
213 2897 371 2959 contrariis
394 2911 486 2956 caussa
506 2893 698 2972 intelligitur,
720 2901 752 2956 ut
772 2891 827 2968 lv,
849 2897 887 2970 9,
906 2895 957 2958 45.
976 2911 1059 2975 sqq:

239 3037 299 3154 Εἰπὲ,
307 3037 419 3103 stiparent
438 3035 573 3103 cultasque
590 3051 662 3088 ureae
679 3041 801 3104 cetusque
818 3037 900 3090 leoat'e
999 3095 1001 3105 Ι
1069 3055 1071 3063 ·

297 3111 401 3156 errent:
419 3132 453 3142 -
573 3127 583 3146 =

241 3173 374 3307 idapprrpo
394 3174 506 3226 Sidonia
526 3175 577 3241 seri
593 3175 702 3228 seruilio
719 3172 797 3240 pollo

320 3257 371 3292 roro
388 3269 422 3278 -
475 3295 477 3304 ¹

81 3368 124 3430 ubi
147 3370 341 3448 intelligitur:
372 3371 549 3435 Abiioiat
578 3381 739 3447 terrorem
770 3389 853 3434 nam
884 3369 964 3434 idem
994 3388 1051 3452 ego
1079 3379 1149 3438 cett.

82 3455 156 3519 Adde
183 3458 215 3532 1,
244 3462 304 3532 22,
331 3461 460 3522 3-19,
491 3458 550 3532 ΙΙΙ,
574 3467 633 3534 22,
655 3461 782 3531 5-,18.
811 3459 868 3533 tv,
897 3463 935 3534 3,
958 3462 986 3521 3.
1008 3462 1039 3521 4.
1062 3459 1094 3523 5.
1115 3463 1148 3524 6.

82 3541 213 3618 Ι,1,9.
238 3543 307 3605 coll.
331 3547 380 3606 li.
406 3553 434 3608 et
460 3545 591 3626 plurima
621 3547 772 3625 exempla,
798 3562 875 3624 quae
901 3545 932 3606 in
955 3545 1071 3606 omissis
1094 3543 1150 3607 ed-

82 3630 210 3692 versandi
231 3629 388 3710 particulis
411 3648 479 3692 mox
501 3650 598 3693 surmus
620 3632 750 3694 allaturi.
795 3631 830 3694 lu
851 3630 909 3694 duc
931 3629 1060 3711 deniqne
1081 3647 1150 3694 car-

84 3716 178 3779 uiuum
198 3716 258 3792 Ill,
279 3721 336 3790 19,
360 3721 411 3788 27,
431 3736 495 3798 sqq.
519 3718 562 3792 ll,
585 3721 620 3797 3,
642 3719 693 3782 53.
717 3736 762 3798 sq.

173 3834 307 3898 blasima
326 3851 397 3895 uero
419 3833 506 3896 buirus
528 3835 647 3913 generis
666 3835 710 3897 uis
728 3832 766 3895 ad
789 3831 913 3896 allectus
933 3831 1152 3914 exprimendos,

84 3921 245 3993 praesertim
267 3920 292 3982 si
316 3921 479 3982 sententiae
498 3910 683 3994 ἆσυνόέτως
703 3921 859 4001 oppositae
877 3937 942 3980 cum
960 3920 1152 3984 exclamatio-

85 4005 169 4080 nibus,
189 4007 484 4085 interrogationibus,
504 4007 749 4080 invocationibus,
768 4006 1063 4068 sermocinationibus
1076 4007 1152 4069 iun·

86 4102 197 4166 guntur,
225 4101 258 4155 ut
278 4091 324 4154 El.
346 4093 405 4167 ΙΙΙ,
431 4097 497 4165 ll.,
526 4095 577 4154 nbi
605 4111 669 4155 curm
699 4093 744 4154 bis
775 4091 810 4152 ad
839 4093 917 4154 idem
946 4101 1151 4171 argumentum

87 4188 255 4252 reuertatur,
276 4197 347 4259 pars
368 4180 518 4260 posterior
541 4181 695 4260 abruptior
716 4179 803 4240 etiam
827 4178 981 4260 superiore
1005 4180 1061 4240 bac
1082 4179 1151 4258 ipsa

86 4256 249 4328 illustratur.
295 4266 462 4345 Opponitnr
491 4266 567 4327 euim
594 4266 698 4348 popuii
723 4265 849 4327 Romani
876 4265 1015 4326 maiestas
1047 4264 1151 4326 uelau-

87 4343 124 4407 dia
153 4350 274 4430 reginae
307 4352 464 4414 meritricis
497 4353 597 4426 ausis;
630 4352 699 4416 hinc
734 4350 870 4433 oprobrii
902 4349 1092 4430 magnitudo,
1122 4350 1150 4412 si
