2848 4972
358 363 366 376 ’
386 371 602 441 eburnam
621 371 685 440 ΕΙ..
705 373 770 452 111,
790 371 822 441 4.
844 371 884 490 5.,
1124 383 1166 445 at

597 576 660 652 IV.

135 701 258 788 Arma
277 717 374 788 Dens
392 717 523 788 Caesar
547 718 635 787 dites
655 718 834 788 meditatur
853 717 896 788 ad
916 718 1033 808 Indus

179 823 227 890 Et
247 825 335 891 freta
356 824 542 915 gemmiferi
562 822 690 891 findere
709 824 823 892 classe
842 826 955 894 maris.

136 923 283 1012 Magna,
304 928 387 1011 uiri,
406 943 547 994 merces.
568 933 665 1013 parat
685 927 801 994 ultima
821 933 912 996 terra
929 928 1125 1018 triumphos:

178 1029 294 1118 Tigris
317 1037 352 1098 et
372 1028 565 1118 Euphrates
589 1032 652 1098 sub
674 1036 733 1098 tua
753 1033 826 1097 iura
846 1032 964 1100 fluent:

103 1128 244 1210 astra,
266 1134 329 1201 sed
349 1136 510 1202 Ausoniis
530 1136 645 1202 veniat
664 1136 838 1222 pruvincia
858 1137 982 1226 uirgis:

129 1283 131 1288 -
181 1237 395 1307 Adsuescent
414 1240 512 1306 Latio
530 1238 658 1307 Partha
678 1244 818 1325 tropaea
836 1236 922 1308 Invi.

135 1336 189 1406 Ite
208 1345 320 1432 agite,
340 1349 502 1430 expertae
522 1341 608 1410 bellu
629 1339 709 1409 date
730 1341 835 1409 lintea
853 1359 986 1428 prorae,

179 1443 228 1513 Et
248 1449 379 1515 solitum
400 1448 558 1537 armigeri
577 1445 689 1515 ducite
709 1465 827 1512 munus
849 1447 938 1532 eqni.

138 1549 257 1621 Omina
277 1555 391 1622 fausta
414 1572 508 1622 canu.
553 1551 699 1620 Crassus
720 1548 915 1637 clademque
933 1550 1039 1637 piata:

90 1669 120 1714 ιο
180 1656 233 1723 lte
253 1665 289 1726 et
310 1661 482 1727 Romanae
504 1659 669 1727 consulite
689 1657 860 1724 historiae.

136 1759 230 1826 Mars
250 1768 347 1848 pater
366 1771 401 1831 et
420 1781 541 1832 sacrae
561 1762 677 1829 fatalia
699 1761 822 1828 lumina
841 1760 979 1848 Vestae,

181 1861 271 1927 Ante
289 1881 381 1930 meas
404 1866 514 1931 obitus
537 1865 601 1945 sit,
624 1878 762 1948 precor,
783 1860 841 1927 illa
859 1859 947 1946 dies,

140 1963 214 2046 Qua
235 1966 369 2033 videam
387 1967 505 2055 spoliis
527 1973 684 2034 oneratus
704 1963 864 2032 Caesaris
886 1983 984 2051 axes,

180 2068 237 2138 Ad
258 2070 354 2161 vulgi
373 2071 513 2157 plausus
534 2086 640 2155 saepe
661 2070 821 2134 resistere
844 2086 962 2154 equos,

92 2183 121 2230 1⁵
139 2169 244 2257 Inque
266 2174 342 2239 sinu
363 2190 463 2240 curae
483 2174 582 2238 nixus
604 2175 761 2255 spectare
783 2168 914 2256 puellae

179 2274 357 2362 Incipiam,
380 2283 414 2342 et
435 2276 539 2342 titulis
562 2273 682 2360 oppida
705 2280 806 2357 capta
827 2272 950 2362 legam,

136 2379 220 2447 Tela
241 2379 374 2469 fugacis
396 2380 473 2464 equi
495 2384 529 2445 et
550 2377 700 2444 braccati
720 2374 832 2440 militis
855 2392 955 2442 arcus

180 2481 229 2550 Et
249 2485 365 2550 subter
384 2487 502 2569 captus
525 2497 618 2547 arma
639 2478 763 2546 sedere
784 2477 899 2546 duces.

137 2579 219 2668 Ipsa
239 2589 328 2652 tuam
348 2601 451 2652 serva
469 2583 611 2670 prolem,
631 2581 765 2648 Venus:
786 2578 850 2645 hoc
869 2581 915 2647 sit
935 2579 970 2646 in
991 2595 1122 2664 aevum,

95 2697 125 2743 aa
184 2682 302 2751 Cernis
324 2685 367 2754 ab
386 2687 505 2752 Aenea
526 2682 613 2771 quud
638 2698 821 2768 superesse
844 2687 954 2767 caput.

137 2783 273 2859 Praeda
293 2788 340 2854 uit
359 2786 446 2855 baec
467 2787 551 2870 illis,
571 2803 706 2872 quorum
727 2800 878 2860 meruere
898 2782 1049 2851 labores:

180 2891 239 2962 Me
259 2898 315 2961 sat
336 2894 400 2960 erit
421 2890 530 2960 Sacra
551 2887 713 2978 plaudere
734 2904 837 2975 posse
853 2886 928 2955 Via.

611 3082 657 3160 V.

137 3211 263 3300 l’acs
283 3227 387 3295 Amor
408 3225 492 3294 deus
514 3232 586 3309 est,
608 3243 724 3313 pacem
742 3240 941 3290 veneramur
962 3229 1131 3294 amantes:

184 3329 285 3399 Stant
305 3329 384 3396 mihi
406 3347 481 3397 cum
505 3327 638 3395 domina
660 3326 788 3414 praelia
810 3325 893 3392 dura
913 3343 999 3394 mea.
1063 3401 1065 3412 Ι

138 3438 213 3506 Nec
233 3442 344 3504 tamen
365 3437 474 3502 inviso
497 3439 616 3521 peetus
638 3429 718 3501 mihi
740 3433 886 3518 carpitur
907 3448 1001 3515 auru,

167 3673 472 3743 1V,a.reiucersnb.
548 3679 575 3730 t.
593 3677 701 3732 venient
721 3677 752 3735 V.
770 3673 855 3742 iurgia
872 3670 927 3731 Hb.
1002 3678 1029 3726 6.
1048 3681 1124 3741 parta
1143 3676 1178 3733 11.

97 3763 137 3818 Ν.
151 3759 206 3815 Hb.
224 3777 251 3814 r.
279 3759 391 3827 trophea
407 3759 462 3816 Hb.
483 3763 516 3815 G.
534 3765 589 3831 R„
615 3763 743 3830 trophaea
759 3763 792 3818 Δ.
861 3764 895 3812 7.
916 3759 978 3810 date
996 3753 1075 3812 bailo'
1085 3761 1119 3815 D.
1137 3760 1178 3818 M.

96 3853 123 3902 9.
146 3842 245 3899 Omnia
262 3843 317 3901 Hb.
335 3861 380 3913 u.‚
399 3845 498 3900 Omina
515 3849 593 3902 Peru.
612 3847 700 3900 fausta
716 3863 742 3900 r.
763 3845 861 3899 Crasso
878 3847 929 3913 11,
952 3846 1050 3896 classes
1071 3846 1104 3898 G.
1123 3847 1180 3898 cla·

98 3933 199 4000 dasque
216 3934 253 3989 R.
271 3947 317 4001 ra,
335 3933 492 4003 clademque
505 3935 542 3985 H.
562 3934 593 3991 V.
663 3933 786 3988 lanice
806 3930 838 3986 V.
907 3935 950 3984 11.
967 3927 1053 3981 satias
1073 3930 1104 3983 V.
1129 3945 1181 3982 un·

96 4015 171 4068 mina
190 4018 223 4070 G.
242 4015 316 4084 Hb,
341 4015 434 4068 limina
451 4019 487 4082 11.
507 4016 602 4084 H.‚f.
628 4014 731 4070 lumina
748 4015 780 4072 Ρ.
858 4014 901 4064 11.
919 4010 1027 4065 resistat
1051 4011 1126 4080 equis
1143 4013 1183 4068 H.

98 4106 142 4153 17.
160 4099 261 4153 bracati
282 4103 333 4170 6.,
352 4100 470 4154 bracbati
487 4106 523 4156 R.
594 4108 637 4156 lt).
656 4103 758 4169 prolem
776 4113 852 4152 serva
868 4101 905 4150 It.
924 4114 967 4167 ra,
985 4112 1063 4151 serva
1074 4101 1182 4166 prolem

97 4190 135 4238 ΙΙ.
151 4183 181 4237 V.
199 4185 319 4254 iniquum
331 4185 385 4241 Hb.
438 4193 483 4244 20.
499 4186 706 4258 superassent.
757 4191 801 4238 21.
818 4181 983 4242 Preciana.
1000 4181 1079 4251 haec]
1095 4189 1124 4237 et
1138 4184 1181 4236 11.

97 4273 144 4325 22.
161 4269 202 4324 Mi
219 4273 255 4328 tt.
273 4288 315 4340 ra,
333 4272 430 4328 ΜΘΗ.
452 4275 483 4331 V.
501 4275 541 4331 Μ.
562 4273 650 4326 media
666 4277 702 4333 R.
720 4289 763 4341 ra,
782 4285 860 4324 sacra
878 4272 913 4324 1).
933 4272 1009 4326 Perr.
1025 4269 1047 4336 f.
1065 4269 1098 4323 P.

175 4365 208 4432 V,
227 4371 253 4422 1.
272 4370 314 4419 est
331 4382 382 4426 uua.
399 4368 432 4426 11.
499 4373 526 4423 2.
545 4369 613 4423 Sunt
630 4368 664 4426 D.
732 4372 759 4425 3.
776 4365 839 4420 Nun
858 4366 893 4421 G.
911 4361 1015 4432 rapitur
1035 4362 1067 4417 V.
