<?xml version="1.0" encoding="UTF-8"?>
<!DOCTYPE html PUBLIC "-//W3C//DTD XHTML 1.0 Transitional//EN"
    "http://www.w3.org/TR/xhtml1/DTD/xhtml1-transitional.dtd">
<html xmlns="http://www.w3.org/1999/xhtml" xml:lang="en" lang="en">
 <head>
  <title>
</title>
<meta http-equiv="Content-Type" content="text/html;charset=utf-8" />
  <meta name='ocr-system' content='tesseract 3.04.00' />
  <meta name='ocr-capabilities' content='ocr_page ocr_carea ocr_par ocr_line ocrx_word'/>
</head>
<body>
  <div class='ocr_page' id='page_1' title='image "./sexaureliiprope02propgoog_0061.png"; bbox 0 0 2834 4972; ppageno 0'>
   <div class='ocr_carea' id='block_1_1' title="bbox 352 383 1161 473">
    <p class='ocr_par' dir='ltr' id='par_1_1' title="bbox 352 383 1161 473">
     <span class='ocr_line' id='line_1_1' title="bbox 352 383 1161 473; baseline 0.012 -25"><span class='ocrx_word' id='word_1_1' title='bbox 352 394 441 466; x_wconf 86' lang='lat' dir='ltr'><strong>Caput</strong></span> <span class='ocrx_word' id='word_1_2' title='bbox 460 395 504 450; x_wconf 84' lang='lat' dir='ltr'><strong>Vl.</strong></span> <span class='ocrx_word' id='word_1_3' title='bbox 539 395 583 450; x_wconf 90' lang='lat' dir='ltr'><strong>Dc</strong></span> <span class='ocrx_word' id='word_1_4' title='bbox 601 395 735 466; x_wconf 79' lang='lat' dir='ltr'><strong>Propertii</strong></span> <span class='ocrx_word' id='word_1_5' title='bbox 751 397 896 456; x_wconf 72' lang='lat' dir='ltr'><strong>armodius.</strong></span> <span class='ocrx_word' id='word_1_6' title='bbox 1107 383 1161 473; x_wconf 75' lang='grc'><strong>43</strong></span> 
     </span>
    </p>
   </div>
   <div class='ocr_carea' id='block_1_2' title="bbox 88 563 1231 911">
    <p class='ocr_par' dir='ltr' id='par_1_2' title="bbox 88 563 1231 911">
     <span class='ocr_line' id='line_1_2' title="bbox 88 563 1159 656; baseline 0.009 -25"><span class='ocrx_word' id='word_1_7' title='bbox 88 575 253 646; x_wconf 86' lang='lat' dir='ltr'><strong>remanete,</strong></span> <span class='ocrx_word' id='word_1_8' title='bbox 288 568 395 650; x_wconf 85' lang='lat' dir='ltr'><strong>quihus</strong></span> <span class='ocrx_word' id='word_1_9' title='bbox 428 569 514 633; x_wconf 83' lang='lat' dir='ltr'><strong>facili</strong></span> <span class='ocrx_word' id='word_1_10' title='bbox 550 567 623 634; x_wconf 88' lang='lat' dir='ltr'><strong>deus</strong></span> <span class='ocrx_word' id='word_1_11' title='bbox 657 572 760 637; x_wconf 80' lang='lat' dir='ltr'><strong>anuuit</strong></span> <span class='ocrx_word' id='word_1_12' title='bbox 792 591 876 640; x_wconf 89' lang='lat' dir='ltr'><strong>aure.</strong></span> <span class='ocrx_word' id='word_1_13' title='bbox 929 571 1008 652; x_wconf 78' lang='lat' dir='ltr'><strong>Quid</strong></span> <span class='ocrx_word' id='word_1_14' title='bbox 1042 563 1159 656; x_wconf 74' lang='lat' dir='ltr'><strong>igitur?</strong></span> 
     </span>
     <span class='ocr_line' id='line_1_3' title="bbox 88 655 1159 741; baseline 0.007 -24"><span class='ocrx_word' id='word_1_15' title='bbox 88 655 229 718; x_wconf 84' lang='lat' dir='ltr'><strong>llortntus</strong></span> <span class='ocrx_word' id='word_1_16' title='bbox 253 671 324 732; x_wconf 90' lang='lat' dir='ltr'><strong>eos,</strong></span> <span class='ocrx_word' id='word_1_17' title='bbox 346 657 452 736; x_wconf 84' lang='lat' dir='ltr'><strong>quibus</strong></span> <span class='ocrx_word' id='word_1_18' title='bbox 474 656 656 735; x_wconf 81' lang='lat' dir='ltr'><strong>felicior,</strong></span> <span class='ocrx_word' id='word_1_19' title='bbox 679 677 766 739; x_wconf 89' lang='lat' dir='ltr'><strong>quam</strong></span> <span class='ocrx_word' id='word_1_20' title='bbox 786 661 861 738; x_wconf 89' lang='lat' dir='ltr'><strong>sibi,</strong></span> <span class='ocrx_word' id='word_1_21' title='bbox 883 661 1045 741; x_wconf 81' lang='lat' dir='ltr'><strong>contigerit</strong></span> <span class='ocrx_word' id='word_1_22' title='bbox 1066 678 1159 739; x_wconf 87' lang='lat' dir='ltr'><strong>arnor,</strong></span> 
     </span>
     <span class='ocr_line' id='line_1_4' title="bbox 88 740 1231 830; baseline 0.008 -28"><span class='ocrx_word' id='word_1_23' title='bbox 88 759 123 803; x_wconf 94' lang='lat' dir='ltr'><strong>ue</strong></span> <span class='ocrx_word' id='word_1_24' title='bbox 143 740 205 804; x_wconf 87' lang='lat' dir='ltr'><strong>ida</strong></span> <span class='ocrx_word' id='word_1_25' title='bbox 229 751 259 805; x_wconf 82' lang='lat' dir='ltr'><strong>et</strong></span> <span class='ocrx_word' id='word_1_26' title='bbox 279 741 364 804; x_wconf 86' lang='lat' dir='ltr'><strong>facili</strong></span> <span class='ocrx_word' id='word_1_27' title='bbox 384 741 503 805; x_wconf 91' lang='lat' dir='ltr'><strong>domina</strong></span> <span class='ocrx_word' id='word_1_28' title='bbox 523 743 631 807; x_wconf 91' lang='lat' dir='ltr'><strong>relicta</strong></span> <span class='ocrx_word' id='word_1_29' title='bbox 656 745 746 808; x_wconf 88' lang='lat' dir='ltr'><strong>talem</strong></span> <span class='ocrx_word' id='word_1_30' title='bbox 768 746 827 810; x_wconf 86' lang='lat' dir='ltr'><strong>sibi</strong></span> <span class='ocrx_word' id='word_1_31' title='bbox 849 746 969 814; x_wconf 79' lang='lat' dir='ltr'><strong>euenire</strong></span> <span class='ocrx_word' id='word_1_32' title='bbox 996 747 1160 830; x_wconf 85' lang='lat' dir='ltr'><strong>patiantur,</strong></span> <span class='ocrx_word' id='word_1_33' title='bbox 1228 785 1231 793; x_wconf 38' lang='grc' dir='ltr'>ι</span> 
     </span>
     <span class='ocr_line' id='line_1_5' title="bbox 89 827 886 911; baseline 0.01 -23"><span class='ocrx_word' id='word_1_34' title='bbox 89 827 183 908; x_wconf 83' lang='lat' dir='ltr'><strong>qualis</strong></span> <span class='ocrx_word' id='word_1_35' title='bbox 205 827 240 891; x_wconf 94' lang='lat' dir='ltr'><strong>in</strong></span> <span class='ocrx_word' id='word_1_36' title='bbox 259 827 356 910; x_wconf 75' lang='lat' dir='ltr'><strong>ipsun</strong></span> <span class='ocrx_word' id='word_1_37' title='bbox 378 847 412 892; x_wconf 91' lang='lat' dir='ltr'><strong>so</strong></span> <span class='ocrx_word' id='word_1_38' title='bbox 432 830 570 892; x_wconf 87' lang='lat' dir='ltr'><strong>miserum</strong></span> <span class='ocrx_word' id='word_1_39' title='bbox 589 830 754 911; x_wconf 83' lang='lat' dir='ltr'><strong>ingruerit:</strong></span> <span class='ocrx_word' id='word_1_40' title='bbox 884 855 886 862; x_wconf 66' lang='grc'>’</span> 
     </span>
    </p>
   </div>
   <div class='ocr_carea' id='block_1_3' title="bbox 329 943 906 1016">
    <p class='ocr_par' dir='ltr' id='par_1_3' title="bbox 329 943 906 1016">
     <span class='ocr_line' id='line_1_6' title="bbox 329 943 906 1016; baseline 0.016 -21"><span class='ocrx_word' id='word_1_41' title='bbox 329 943 396 997; x_wconf 80' lang='lat' dir='ltr'><strong>Sitis</strong></span> <span class='ocrx_word' id='word_1_42' title='bbox 412 949 437 996; x_wconf 82' lang='lat' dir='ltr'><strong>rt</strong></span> <span class='ocrx_word' id='word_1_43' title='bbox 453 945 481 997; x_wconf 85' lang='lat' dir='ltr'><strong>in</strong></span> <span class='ocrx_word' id='word_1_44' title='bbox 499 950 573 998; x_wconf 81' lang='lat' dir='ltr'><strong>tuto</strong></span> <span class='ocrx_word' id='word_1_45' title='bbox 590 961 693 1014; x_wconf 80' lang='lat' dir='ltr'><strong>occuper</strong></span> <span class='ocrx_word' id='word_1_46' title='bbox 708 961 799 1000; x_wconf 81' lang='lat' dir='ltr'><strong>rmore</strong></span> <span class='ocrx_word' id='word_1_47' title='bbox 814 963 906 1016; x_wconf 80' lang='lat' dir='ltr'><strong>puros.</strong></span> 
     </span>
    </p>
   </div>
   <div class='ocr_carea' id='block_1_4' title="bbox 89 1063 1162 1155">
    <p class='ocr_par' dir='ltr' id='par_1_4' title="bbox 89 1063 1162 1155">
     <span class='ocr_line' id='line_1_7' title="bbox 89 1063 1162 1155; baseline 0.011 -30"><span class='ocrx_word' id='word_1_48' title='bbox 89 1063 149 1126; x_wconf 87' lang='lat' dir='ltr'><strong>Hoc</strong></span> <span class='ocrx_word' id='word_1_49' title='bbox 173 1063 254 1127; x_wconf 91' lang='lat' dir='ltr'><strong>eninr</strong></span> <span class='ocrx_word' id='word_1_50' title='bbox 280 1072 310 1128; x_wconf 89' lang='lat' dir='ltr'><strong>et</strong></span> <span class='ocrx_word' id='word_1_51' title='bbox 331 1067 425 1130; x_wconf 89' lang='lat' dir='ltr'><strong>ceteri</strong></span> <span class='ocrx_word' id='word_1_52' title='bbox 446 1065 649 1148; x_wconf 84' lang='lat' dir='ltr'><strong>elegiacorunr</strong></span> <span class='ocrx_word' id='word_1_53' title='bbox 669 1065 829 1134; x_wconf 85' lang='lat' dir='ltr'><strong>carminum</strong></span> <span class='ocrx_word' id='word_1_54' title='bbox 851 1073 1013 1155; x_wconf 80' lang='lat' dir='ltr'><strong>scriptores</strong></span> <span class='ocrx_word' id='word_1_55' title='bbox 1035 1081 1066 1138; x_wconf 93' lang='lat' dir='ltr'><strong>et</strong></span> <span class='ocrx_word' id='word_1_56' title='bbox 1082 1073 1162 1138; x_wconf 78' lang='lat' dir='ltr'><strong>‹Pro-</strong></span> 
     </span>
    </p>
   </div>
   <div class='ocr_carea' id='block_1_5' title="bbox 88 1150 1162 1324">
    <p class='ocr_par' dir='ltr' id='par_1_5' title="bbox 88 1150 1162 1324">
     <span class='ocr_line' id='line_1_8' title="bbox 88 1150 1162 1234; baseline 0.014 -23"><span class='ocrx_word' id='word_1_57' title='bbox 88 1150 202 1229; x_wconf 87' lang='lat' dir='ltr'><strong>pertius</strong></span> <span class='ocrx_word' id='word_1_58' title='bbox 226 1151 347 1216; x_wconf 86' lang='lat' dir='ltr'><strong>assidue</strong></span> <span class='ocrx_word' id='word_1_59' title='bbox 365 1171 439 1234; x_wconf 88' lang='lat' dir='ltr'><strong>prae</strong></span> <span class='ocrx_word' id='word_1_60' title='bbox 461 1171 494 1216; x_wconf 88' lang='lat' dir='ltr'><strong>se</strong></span> <span class='ocrx_word' id='word_1_61' title='bbox 513 1153 621 1229; x_wconf 88' lang='lat' dir='ltr'><strong>ierunt,</strong></span> <span class='ocrx_word' id='word_1_62' title='bbox 642 1173 675 1218; x_wconf 91' lang='lat' dir='ltr'><strong>se</strong></span> <span class='ocrx_word' id='word_1_63' title='bbox 697 1157 758 1220; x_wconf 90' lang='lat' dir='ltr'><strong>suis</strong></span> <span class='ocrx_word' id='word_1_64' title='bbox 780 1157 936 1223; x_wconf 84' lang='lat' dir='ltr'><strong>doloribus</strong></span> <span class='ocrx_word' id='word_1_65' title='bbox 957 1159 1062 1225; x_wconf 88' lang='lat' dir='ltr'><strong>doctos</strong></span> <span class='ocrx_word' id='word_1_66' title='bbox 1083 1161 1162 1226; x_wconf 91' lang='lat' dir='ltr'><strong>alios</strong></span> 
     </span>
     <span class='ocr_line' id='line_1_9' title="bbox 89 1236 736 1324; baseline 0.012 -26"><span class='ocrx_word' id='word_1_67' title='bbox 89 1236 199 1300; x_wconf 89' lang='lat' dir='ltr'><strong>docere</strong></span> <span class='ocrx_word' id='word_1_68' title='bbox 220 1238 309 1302; x_wconf 84' lang='lat' dir='ltr'><strong>uelle.</strong></span> <span class='ocrx_word' id='word_1_69' title='bbox 353 1239 405 1302; x_wconf 87' lang='lat' dir='ltr'><strong>Sic</strong></span> <span class='ocrx_word' id='word_1_70' title='bbox 424 1239 472 1304; x_wconf 88' lang='grc' dir='ltr'><strong>ΕΙ.</strong></span> <span class='ocrx_word' id='word_1_71' title='bbox 493 1239 524 1316; x_wconf 99' lang='grc' dir='ltr'><strong>Ι,</strong></span> <span class='ocrx_word' id='word_1_72' title='bbox 543 1245 579 1316; x_wconf 86' lang='grc'><strong>7,</strong></span> <span class='ocrx_word' id='word_1_73' title='bbox 602 1245 652 1305; x_wconf 82' lang='grc'><strong>13.</strong></span> <span class='ocrx_word' id='word_1_74' title='bbox 674 1259 736 1324; x_wconf 77' lang='lat' dir='ltr'><strong>sup:</strong></span> 
     </span>
    </p>
   </div>
   <div class='ocr_carea' id='block_1_6' title="bbox 261 1355 991 1495">
    <p class='ocr_par' dir='ltr' id='par_1_6' title="bbox 261 1355 991 1495">
     <span class='ocr_line' id='line_1_10' title="bbox 261 1355 956 1432; baseline 0.013 -26"><span class='ocrx_word' id='word_1_75' title='bbox 261 1355 308 1407; x_wconf 81' lang='lat' dir='ltr'><strong>Me</strong></span> <span class='ocrx_word' id='word_1_76' title='bbox 325 1355 395 1422; x_wconf 81' lang='lat' dir='ltr'><strong>taput</strong></span> <span class='ocrx_word' id='word_1_77' title='bbox 412 1357 518 1410; x_wconf 81' lang='lat' dir='ltr'><strong>assidue</strong></span> <span class='ocrx_word' id='word_1_78' title='bbox 534 1363 596 1425; x_wconf 78' lang='lat' dir='ltr'><strong>port</strong></span> <span class='ocrx_word' id='word_1_79' title='bbox 612 1358 676 1410; x_wconf 80' lang='lat' dir='ltr'><strong>duro</strong></span> <span class='ocrx_word' id='word_1_80' title='bbox 691 1361 822 1426; x_wconf 74' lang='lat' dir='ltr'><strong>captentur</strong></span> <span class='ocrx_word' id='word_1_81' title='bbox 840 1367 956 1432; x_wconf 83' lang='lat' dir='ltr'><strong>cunctor,</strong></span> 
     </span>
     <span class='ocr_line' id='line_1_11' title="bbox 298 1425 991 1495; baseline 0.012 -19"><span class='ocrx_word' id='word_1_82' title='bbox 298 1425 334 1476; x_wconf 79' lang='lat' dir='ltr'><strong>iit</strong></span> <span class='ocrx_word' id='word_1_83' title='bbox 350 1428 490 1493; x_wconf 85' lang='lat' dir='ltr'><strong>prosint</strong></span> <span class='ocrx_word' id='word_1_84' title='bbox 507 1427 567 1480; x_wconf 70' lang='grc' dir='ltr'><strong>ΙΙΙ(</strong></span> <span class='ocrx_word' id='word_1_85' title='bbox 584 1430 727 1495; x_wconf 79' lang='lat' dir='ltr'><strong>oopus&#39;tu</strong></span> <span class='ocrx_word' id='word_1_86' title='bbox 745 1436 872 1484; x_wconf 81' lang='lat' dir='ltr'><strong>nostro</strong></span> <span class='ocrx_word' id='word_1_87' title='bbox 888 1433 991 1486; x_wconf 75' lang='lat' dir='ltr'><strong>matu.</strong></span> 
     </span>
    </p>
   </div>
   <div class='ocr_carea' id='block_1_7' title="bbox 90 1521 437 1603">
    <p class='ocr_par' dir='ltr' id='par_1_7' title="bbox 90 1521 437 1603">
     <span class='ocr_line' id='line_1_12' title="bbox 90 1521 437 1603; baseline 0.012 -15"><span class='ocrx_word' id='word_1_88' title='bbox 90 1521 142 1588; x_wconf 82' lang='lat' dir='ltr'><strong>Sic</strong></span> <span class='ocrx_word' id='word_1_89' title='bbox 163 1521 214 1588; x_wconf 85' lang='lat' dir='ltr'><strong>El.</strong></span> <span class='ocrx_word' id='word_1_90' title='bbox 232 1523 265 1601; x_wconf 92' lang='lat'><strong>1,</strong></span> <span class='ocrx_word' id='word_1_91' title='bbox 287 1526 344 1603; x_wconf 83' lang='lat'><strong>15,</strong></span> <span class='ocrx_word' id='word_1_92' title='bbox 366 1529 437 1592; x_wconf 86' lang='lat'>41.:</span> 
     </span>
    </p>
   </div>
   <div class='ocr_carea' id='block_1_8' title="bbox 91 1641 1164 1830">
    <p class='ocr_par' dir='ltr' id='par_1_8' title="bbox 91 1641 1164 1830">
     <span class='ocr_line' id='line_1_13' title="bbox 128 1641 1164 1716; baseline 0.018 -23"><span class='ocrx_word' id='word_1_93' title='bbox 128 1643 194 1706; x_wconf 76' lang='lat' dir='ltr'><strong>Quis</strong></span> <span class='ocrx_word' id='word_1_94' title='bbox 212 1641 442 1714; x_wconf 58' lang='lat' dir='ltr'><strong>(luminibusque</strong></span> <span class='ocrx_word' id='word_1_95' title='bbox 458 1661 621 1716; x_wconf 79' lang='lat' dir='ltr'><strong>consperso</strong></span> <span class='ocrx_word' id='word_1_96' title='bbox 637 1647 775 1705; x_wconf 80' lang='lat' dir='ltr'><strong>similer</strong></span> <span class='ocrx_word' id='word_1_97' title='bbox 789 1651 984 1709; x_wconf 80' lang='lat' dir='ltr'><strong>moniturus</strong></span> <span class='ocrx_word' id='word_1_98' title='bbox 1000 1661 1164 1712; x_wconf 79' lang='lat' dir='ltr'><strong>amantes.</strong></span> 
     </span>
     <span class='ocr_line' id='line_1_14' title="bbox 91 1745 373 1830; baseline 0.004 -20"><span class='ocrx_word' id='word_1_99' title='bbox 91 1745 137 1826; x_wconf 91' lang='lat' dir='ltr'><strong>ll,</strong></span> <span class='ocrx_word' id='word_1_100' title='bbox 158 1751 218 1826; x_wconf 95' lang='lat' dir='ltr'><strong>ll,</strong></span> <span class='ocrx_word' id='word_1_101' title='bbox 238 1749 271 1812; x_wconf 86' lang='lat'><strong>7.</strong></span> <span class='ocrx_word' id='word_1_102' title='bbox 291 1765 373 1830; x_wconf 71' lang='lat' dir='ltr'><strong>cqups</strong></span> 
     </span>
    </p>
   </div>
   <div class='ocr_carea' id='block_1_9' title="bbox 265 1861 948 2002">
    <p class='ocr_par' dir='ltr' id='par_1_9' title="bbox 265 1861 948 2002">
     <span class='ocr_line' id='line_1_15' title="bbox 265 1861 906 1931; baseline 0.019 -19"><span class='ocrx_word' id='word_1_103' title='bbox 265 1861 325 1914; x_wconf 84' lang='lat' dir='ltr'><strong>drtrs</strong></span> <span class='ocrx_word' id='word_1_104' title='bbox 344 1879 389 1931; x_wconf 83' lang='lat' dir='ltr'><strong>apo</strong></span> <span class='ocrx_word' id='word_1_105' title='bbox 405 1863 553 1931; x_wconf 75' lang='lat' dir='ltr'><strong>praeterito</strong></span> <span class='ocrx_word' id='word_1_106' title='bbox 569 1865 668 1918; x_wconf 81' lang='lat' dir='ltr'><strong>iustoci</strong></span> <span class='ocrx_word' id='word_1_107' title='bbox 683 1865 764 1920; x_wconf 83' lang='lat' dir='ltr'><strong>cerdo</strong></span> <span class='ocrx_word' id='word_1_108' title='bbox 781 1868 906 1924; x_wconf 71' lang='lat' dir='ltr'><strong>icruentut</strong></span> 
     </span>
     <span class='ocr_line' id='line_1_16' title="bbox 301 1931 948 2002; baseline 0.012 -19"><span class='ocrx_word' id='word_1_109' title='bbox 301 1931 341 1984; x_wconf 79' lang='lat' dir='ltr'><strong>Tu</strong></span> <span class='ocrx_word' id='word_1_110' title='bbox 356 1947 425 1984; x_wconf 81' lang='lat' dir='ltr'><strong>uursc</strong></span> <span class='ocrx_word' id='word_1_111' title='bbox 440 1937 597 2002; x_wconf 83' lang='lat' dir='ltr'><strong>ememplo</strong></span> <span class='ocrx_word' id='word_1_112' title='bbox 614 1936 684 1988; x_wconf 85' lang='lat' dir='ltr'><strong>disco</strong></span> <span class='ocrx_word' id='word_1_113' title='bbox 702 1939 793 1992; x_wconf 81' lang='lat' dir='ltr'><strong>timere</strong></span> <span class='ocrx_word' id='word_1_114' title='bbox 809 1953 887 1994; x_wconf 85' lang='lat' dir='ltr'><strong>creo.</strong></span> <span class='ocrx_word' id='word_1_115' title='bbox 946 1959 948 1966; x_wconf 95' lang='lat'>·</span> 
     </span>
    </p>
   </div>
   <div class='ocr_carea' id='block_1_10' title="bbox 91 2040 769 2132">
    <p class='ocr_par' dir='ltr' id='par_1_10' title="bbox 91 2040 769 2132">
     <span class='ocr_line' id='line_1_17' title="bbox 91 2040 769 2132; baseline 0.009 -24"><span class='ocrx_word' id='word_1_116' title='bbox 91 2041 145 2108; x_wconf 83' lang='lat' dir='ltr'><strong>Sic</strong></span> <span class='ocrx_word' id='word_1_117' title='bbox 166 2040 337 2126; x_wconf 74' lang='lat' dir='ltr'><strong>Lygdamus</strong></span> <span class='ocrx_word' id='word_1_118' title='bbox 360 2045 473 2112; x_wconf 86' lang='lat' dir='ltr'><strong>Tibull.</strong></span> <span class='ocrx_word' id='word_1_119' title='bbox 495 2047 612 2126; x_wconf 84' lang='lat' dir='ltr'><strong>111,c,</strong></span> <span class='ocrx_word' id='word_1_120' title='bbox 634 2051 686 2114; x_wconf 82' lang='grc'><strong>43.</strong></span> <span class='ocrx_word' id='word_1_121' title='bbox 707 2067 769 2132; x_wconf 72' lang='lat' dir='ltr'><strong>sp:</strong></span> 
     </span>
    </p>
   </div>
   <div class='ocr_carea' id='block_1_11' title="bbox 264 2167 919 2304">
    <p class='ocr_par' dir='ltr' id='par_1_11' title="bbox 264 2167 919 2304">
     <span class='ocr_line' id='line_1_18' title="bbox 264 2167 833 2234; baseline 0.007 -19"><span class='ocrx_word' id='word_1_122' title='bbox 264 2188 301 2202; x_wconf 91' lang='lat'>-</span> <span class='ocrx_word' id='word_1_123' title='bbox 332 2188 369 2202; x_wconf 90' lang='lat'><strong>·-</strong></span> <span class='ocrx_word' id='word_1_124' title='bbox 402 2188 438 2204; x_wconf 90' lang='lat'><em>-</em></span> <span class='ocrx_word' id='word_1_125' title='bbox 470 2167 565 2233; x_wconf 82' lang='lat' dir='ltr'><strong>Feltm,</strong></span> <span class='ocrx_word' id='word_1_126' title='bbox 583 2167 724 2234; x_wconf 77' lang='lat' dir='ltr'><strong>quicunque</strong></span> <span class='ocrx_word' id='word_1_127' title='bbox 741 2167 833 2219; x_wconf 82' lang='lat' dir='ltr'><strong>doloro</strong></span> 
     </span>
     <span class='ocr_line' id='line_1_19' title="bbox 300 2231 919 2304; baseline 0.011 -20"><span class='ocrx_word' id='word_1_128' title='bbox 300 2231 460 2287; x_wconf 79' lang='lat' dir='ltr'><strong>Alterius</strong></span> <span class='ocrx_word' id='word_1_129' title='bbox 478 2235 563 2289; x_wconf 81' lang='lat' dir='ltr'><strong>disces</strong></span> <span class='ocrx_word' id='word_1_130' title='bbox 578 2250 658 2304; x_wconf 85' lang='lat' dir='ltr'><strong>porse</strong></span> <span class='ocrx_word' id='word_1_131' title='bbox 674 2252 793 2290; x_wconf 80' lang='lat' dir='ltr'><strong>rosere</strong></span> <span class='ocrx_word' id='word_1_132' title='bbox 809 2242 866 2290; x_wconf 82' lang='lat' dir='ltr'><strong>tuo</strong></span> <span class='ocrx_word' id='word_1_133' title='bbox 883 2263 919 2276; x_wconf 89' lang='lat'>-</span> 
     </span>
    </p>
   </div>
   <div class='ocr_carea' id='block_1_12' title="bbox 93 2351 1167 2440">
    <p class='ocr_par' dir='ltr' id='par_1_12' title="bbox 93 2351 1167 2440">
     <span class='ocr_line' id='line_1_20' title="bbox 93 2351 1167 2440; baseline 0.004 -24"><span class='ocrx_word' id='word_1_134' title='bbox 93 2360 126 2418; x_wconf 89' lang='lat' dir='ltr'><strong>et</strong></span> <span class='ocrx_word' id='word_1_135' title='bbox 154 2351 276 2420; x_wconf 85' lang='lat' dir='ltr'><strong>uberius</strong></span> <span class='ocrx_word' id='word_1_136' title='bbox 298 2351 437 2417; x_wconf 80' lang='lat' dir='ltr'><strong>Tibullus</strong></span> <span class='ocrx_word' id='word_1_137' title='bbox 459 2352 497 2417; x_wconf 92' lang='lat' dir='ltr'><strong>de</strong></span> <span class='ocrx_word' id='word_1_138' title='bbox 519 2355 699 2436; x_wconf 84' lang='lat' dir='ltr'><strong>magisteriis</strong></span> <span class='ocrx_word' id='word_1_139' title='bbox 725 2357 787 2420; x_wconf 91' lang='lat' dir='ltr'><strong>suis</strong></span> <span class='ocrx_word' id='word_1_140' title='bbox 816 2374 967 2440; x_wconf 80' lang='lat' dir='ltr'><strong>exponens</strong></span> <span class='ocrx_word' id='word_1_141' title='bbox 988 2356 1019 2437; x_wconf 95' lang='lat' dir='ltr'><strong>l,</strong></span> <span class='ocrx_word' id='word_1_142' title='bbox 1040 2361 1076 2436; x_wconf 84' lang='grc'><strong>4,</strong></span> <span class='ocrx_word' id='word_1_143' title='bbox 1100 2358 1167 2424; x_wconf 63' lang='lat' dir='ltr'><strong>iu:</strong></span> 
     </span>
    </p>
   </div>
   <div class='ocr_carea' id='block_1_13' title="bbox 269 2469 1044 2744">
    <p class='ocr_par' dir='ltr' id='par_1_13' title="bbox 301 2469 880 2538">
     <span class='ocr_line' id='line_1_21' title="bbox 301 2469 880 2538; baseline 0.009 -19"><span class='ocrx_word' id='word_1_144' title='bbox 301 2495 337 2507; x_wconf 90' lang='lat'><strong>—·</strong></span> <span class='ocrx_word' id='word_1_145' title='bbox 370 2495 405 2508; x_wconf 95' lang='lat'><em>-</em></span> <span class='ocrx_word' id='word_1_146' title='bbox 443 2470 496 2521; x_wconf 79' lang='lat' dir='ltr'><strong>Vos</strong></span> <span class='ocrx_word' id='word_1_147' title='bbox 515 2483 555 2522; x_wconf 83' lang='lat' dir='ltr'><strong>me</strong></span> <span class='ocrx_word' id='word_1_148' title='bbox 572 2469 698 2525; x_wconf 76' lang='lat' dir='ltr'><strong>celebrato</strong></span> <span class='ocrx_word' id='word_1_149' title='bbox 716 2472 880 2538; x_wconf 78' lang='lat' dir='ltr'><strong>nsupistrunt,</strong></span> 
     </span>
    </p>

    <p class='ocr_par' dir='ltr' id='par_1_14' title="bbox 269 2536 914 2606">
     <span class='ocr_line' id='line_1_22' title="bbox 269 2536 914 2606; baseline 0.009 -16"><span class='ocrx_word' id='word_1_150' title='bbox 269 2539 341 2602; x_wconf 83' lang='lat' dir='ltr'><strong>Quos</strong></span> <span class='ocrx_word' id='word_1_151' title='bbox 355 2539 423 2591; x_wconf 87' lang='lat' dir='ltr'><strong>mule</strong></span> <span class='ocrx_word' id='word_1_152' title='bbox 437 2536 514 2590; x_wconf 79' lang='lat' dir='ltr'><strong>iudet</strong></span> <span class='ocrx_word' id='word_1_153' title='bbox 531 2542 614 2592; x_wconf 85' lang='lat' dir='ltr'><strong>multo</strong></span> <span class='ocrx_word' id='word_1_154' title='bbox 631 2541 744 2593; x_wconf 79' lang='lat' dir='ltr'><strong>collidus</strong></span> <span class='ocrx_word' id='word_1_155' title='bbox 760 2547 820 2592; x_wconf 82' lang='lat' dir='ltr'><strong>crte</strong></span> <span class='ocrx_word' id='word_1_156' title='bbox 838 2557 914 2606; x_wconf 83' lang='lat' dir='ltr'><strong>puer.</strong></span> 
     </span>
    </p>

    <p class='ocr_par' dir='ltr' id='par_1_15' title="bbox 273 2608 1044 2744">
     <span class='ocr_line' id='line_1_23' title="bbox 273 2608 1044 2676; baseline 0.014 -19"><span class='ocrx_word' id='word_1_157' title='bbox 273 2609 368 2658; x_wconf 81' lang='lat' dir='ltr'><strong>titurio</strong></span> <span class='ocrx_word' id='word_1_158' title='bbox 385 2608 475 2673; x_wconf 81' lang='lat' dir='ltr'><strong>cuique</strong></span> <span class='ocrx_word' id='word_1_159' title='bbox 490 2625 542 2660; x_wconf 86' lang='lat' dir='ltr'><strong>suu</strong></span> <span class='ocrx_word' id='word_1_160' title='bbox 557 2615 614 2672; x_wconf 71' lang='lat' dir='ltr'><strong>est,</strong></span> <span class='ocrx_word' id='word_1_161' title='bbox 633 2625 674 2661; x_wconf 83' lang='lat' dir='ltr'><strong>nse</strong></span> <span class='ocrx_word' id='word_1_162' title='bbox 690 2613 733 2675; x_wconf 76' lang='lat' dir='ltr'><strong>orsi</strong></span> <span class='ocrx_word' id='word_1_163' title='bbox 750 2616 906 2676; x_wconf 81' lang='lat' dir='ltr'><strong>spernentur</strong></span> <span class='ocrx_word' id='word_1_164' title='bbox 924 2619 1044 2668; x_wconf 78' lang='lat' dir='ltr'><strong>cunctor</strong></span> 
     </span>
     <span class='ocr_line' id='line_1_24' title="bbox 306 2675 983 2744; baseline 0.009 -17"><span class='ocrx_word' id='word_1_165' title='bbox 306 2675 474 2729; x_wconf 76' lang='lat' dir='ltr'><strong>Consulteutr</strong></span> <span class='ocrx_word' id='word_1_166' title='bbox 493 2679 592 2730; x_wconf 82' lang='lat' dir='ltr'><strong>caustis</strong></span> <span class='ocrx_word' id='word_1_167' title='bbox 608 2678 692 2730; x_wconf 80' lang='lat' dir='ltr'><strong>innuo</strong></span> <span class='ocrx_word' id='word_1_168' title='bbox 708 2685 803 2731; x_wconf 84' lang='lat' dir='ltr'><strong>nostru</strong></span> <span class='ocrx_word' id='word_1_169' title='bbox 820 2684 904 2744; x_wconf 85' lang='lat' dir='ltr'><strong>potet.</strong></span> <span class='ocrx_word' id='word_1_170' title='bbox 980 2730 983 2742; x_wconf 92' lang='grc'><strong>,</strong></span> 
     </span>
    </p>
   </div>
   <div class='ocr_carea' id='block_1_14' title="bbox 94 2793 1181 4434">
    <p class='ocr_par' dir='ltr' id='par_1_16' title="bbox 94 2793 1181 4434">
     <span class='ocr_line' id='line_1_25' title="bbox 94 2793 1171 2882; baseline -0.002 -16"><span class='ocrx_word' id='word_1_171' title='bbox 94 2801 152 2866; x_wconf 81' lang='lat' dir='ltr'><strong>llis</strong></span> <span class='ocrx_word' id='word_1_172' title='bbox 182 2799 366 2880; x_wconf 78' lang='lat' dir='ltr'><strong>argumentis</strong></span> <span class='ocrx_word' id='word_1_173' title='bbox 395 2797 421 2861; x_wconf 93' lang='lat' dir='ltr'><strong>si</strong></span> <span class='ocrx_word' id='word_1_174' title='bbox 446 2797 617 2875; x_wconf 90' lang='lat' dir='ltr'><strong>addideris,</strong></span> <span class='ocrx_word' id='word_1_175' title='bbox 648 2793 755 2862; x_wconf 86' lang='lat' dir='ltr'><strong>¹rnirunr</strong></span> <span class='ocrx_word' id='word_1_176' title='bbox 785 2817 857 2863; x_wconf 89' lang='lat' dir='ltr'><strong>saue</strong></span> <span class='ocrx_word' id='word_1_177' title='bbox 888 2797 1002 2876; x_wconf 86' lang='lat' dir='ltr'><strong>uideri,</strong></span> <span class='ocrx_word' id='word_1_178' title='bbox 1031 2799 1171 2882; x_wconf 82' lang='lat' dir='ltr'><strong>elegiam,</strong></span> 
     </span>
     <span class='ocr_line' id='line_1_26' title="bbox 98 2883 1167 2969; baseline -0.001 -20"><span class='ocrx_word' id='word_1_179' title='bbox 98 2906 160 2969; x_wconf 86' lang='lat' dir='ltr'><strong>qua</strong></span> <span class='ocrx_word' id='word_1_180' title='bbox 189 2887 286 2950; x_wconf 79' lang='lat' dir='ltr'><strong>minori</strong></span> <span class='ocrx_word' id='word_1_181' title='bbox 310 2883 494 2949; x_wconf 77' lang='lat' dir='ltr'><strong>valedicamr</strong></span> <span class='ocrx_word' id='word_1_182' title='bbox 522 2887 575 2964; x_wconf 89' lang='lat' dir='ltr'><strong>(ci.</strong></span> <span class='ocrx_word' id='word_1_183' title='bbox 599 2885 723 2948; x_wconf 85' lang='lat' dir='ltr'><strong>similem</strong></span> <span class='ocrx_word' id='word_1_184' title='bbox 750 2886 896 2949; x_wconf 86' lang='lat' dir='ltr'><strong>rationem</strong></span> <span class='ocrx_word' id='word_1_185' title='bbox 921 2887 952 2948; x_wconf 92' lang='lat' dir='ltr'><strong>iu</strong></span> <span class='ocrx_word' id='word_1_186' title='bbox 975 2886 1024 2951; x_wconf 86' lang='lat' dir='ltr'><strong>El.</strong></span> <span class='ocrx_word' id='word_1_187' title='bbox 1048 2887 1094 2963; x_wconf 93' lang='grc' dir='ltr'><strong>ΙΙ,</strong></span> <span class='ocrx_word' id='word_1_188' title='bbox 1117 2892 1167 2951; x_wconf 87' lang='lat'><strong>10.</strong></span> 
     </span>
     <span class='ocr_line' id='line_1_27' title="bbox 98 2970 1171 3054; baseline -0.004 -17"><span class='ocrx_word' id='word_1_189' title='bbox 98 2974 169 3037; x_wconf 75' lang='lat' dir='ltr'><strong>aiu.</strong></span> <span class='ocrx_word' id='word_1_190' title='bbox 185 2973 240 3038; x_wconf 93' lang='grc' dir='ltr'><strong>ΙΙΙ.</strong></span> <span class='ocrx_word' id='word_1_191' title='bbox 263 2970 336 3054; x_wconf 86' lang='lat' dir='ltr'><strong>Gap.</strong></span> <span class='ocrx_word' id='word_1_192' title='bbox 357 2972 421 3053; x_wconf 85' lang='lat' dir='ltr'><strong>ll),</strong></span> <span class='ocrx_word' id='word_1_193' title='bbox 441 2972 638 3052; x_wconf 86' lang='lat' dir='ltr'><strong>praelationis</strong></span> <span class='ocrx_word' id='word_1_194' title='bbox 658 2972 728 3035; x_wconf 91' lang='lat' dir='ltr'><strong>loco</strong></span> <span class='ocrx_word' id='word_1_195' title='bbox 750 2973 779 3034; x_wconf 91' lang='lat' dir='ltr'><strong>ci</strong></span> <span class='ocrx_word' id='word_1_196' title='bbox 799 2972 939 3036; x_wconf 83' lang='lat' dir='ltr'><strong>uolumini</strong></span> <span class='ocrx_word' id='word_1_197' title='bbox 960 2973 1119 3054; x_wconf 79' lang='lat' dir='ltr'><strong>praemitti,</strong></span> <span class='ocrx_word' id='word_1_198' title='bbox 1139 2973 1171 3034; x_wconf 89' lang='lat' dir='ltr'><strong>iu</strong></span> 
     </span>
     <span class='ocr_line' id='line_1_28' title="bbox 99 3056 1171 3140; baseline -0.001 -19"><span class='ocrx_word' id='word_1_199' title='bbox 99 3060 184 3121; x_wconf 91' lang='lat' dir='ltr'><strong>cuius</strong></span> <span class='ocrx_word' id='word_1_200' title='bbox 205 3058 318 3135; x_wconf 88' lang='lat' dir='ltr'><strong>ultimo,</strong></span> <span class='ocrx_word' id='word_1_201' title='bbox 342 3076 400 3140; x_wconf 85' lang='lat' dir='ltr'><strong>quo</strong></span> <span class='ocrx_word' id='word_1_202' title='bbox 421 3057 565 3137; x_wconf 77' lang='lat' dir='ltr'><strong>Cynthiae</strong></span> <span class='ocrx_word' id='word_1_203' title='bbox 585 3059 694 3123; x_wconf 91' lang='lat' dir='ltr'><strong>nrentio</strong></span> <span class='ocrx_word' id='word_1_204' title='bbox 716 3056 758 3135; x_wconf 86' lang='lat' dir='ltr'><strong>it,</strong></span> <span class='ocrx_word' id='word_1_205' title='bbox 779 3058 910 3120; x_wconf 88' lang='lat' dir='ltr'><strong>carmine</strong></span> <span class='ocrx_word' id='word_1_206' title='bbox 932 3059 970 3136; x_wconf 79' lang='lat' dir='ltr'><strong>(l,</strong></span> <span class='ocrx_word' id='word_1_207' title='bbox 987 3060 1052 3135; x_wconf 87' lang='lat'>19.)</span> <span class='ocrx_word' id='word_1_208' title='bbox 1075 3059 1171 3140; x_wconf 88' lang='lat' dir='ltr'><strong>ipsunr</strong></span> 
     </span>
     <span class='ocr_line' id='line_1_29' title="bbox 97 3143 1172 3224; baseline -0.002 -16"><span class='ocrx_word' id='word_1_209' title='bbox 97 3146 184 3208; x_wconf 88' lang='lat' dir='ltr'><strong>illum</strong></span> <span class='ocrx_word' id='word_1_210' title='bbox 212 3161 342 3208; x_wconf 87' lang='lat' dir='ltr'><strong>amorem</strong></span> <span class='ocrx_word' id='word_1_211' title='bbox 370 3145 473 3224; x_wconf 79' lang='lat' dir='ltr'><strong>uigere</strong></span> <span class='ocrx_word' id='word_1_212' title='bbox 499 3144 668 3222; x_wconf 85' lang='lat' dir='ltr'><strong>uideamus,</strong></span> <span class='ocrx_word' id='word_1_213' title='bbox 695 3161 792 3224; x_wconf 88' lang='lat' dir='ltr'><strong>neque</strong></span> <span class='ocrx_word' id='word_1_214' title='bbox 819 3143 911 3206; x_wconf 89' lang='lat' dir='ltr'><strong>ullum</strong></span> <span class='ocrx_word' id='word_1_215' title='bbox 937 3145 969 3206; x_wconf 94' lang='lat' dir='ltr'><strong>iu</strong></span> <span class='ocrx_word' id='word_1_216' title='bbox 995 3144 1059 3207; x_wconf 93' lang='lat' dir='ltr'><strong>ullo</strong></span> <span class='ocrx_word' id='word_1_217' title='bbox 1082 3162 1172 3208; x_wconf 84' lang='lat' dir='ltr'><strong>uersu</strong></span> 
     </span>
     <span class='ocr_line' id='line_1_30' title="bbox 98 3229 1173 3312; baseline -0.001 -18"><span class='ocrx_word' id='word_1_218' title='bbox 98 3230 298 3294; x_wconf 82' lang='lat' dir='ltr'><strong>dedicationis</strong></span> <span class='ocrx_word' id='word_1_219' title='bbox 318 3231 477 3309; x_wconf 80' lang='lat' dir='ltr'><strong>uestigium</strong></span> <span class='ocrx_word' id='word_1_220' title='bbox 497 3248 662 3312; x_wconf 91' lang='lat' dir='ltr'><strong>apparere,</strong></span> <span class='ocrx_word' id='word_1_221' title='bbox 691 3231 762 3311; x_wconf 87' lang='lat' dir='ltr'><strong>quid</strong></span> <span class='ocrx_word' id='word_1_222' title='bbox 784 3230 911 3312; x_wconf 88' lang='lat' dir='ltr'><strong>amplius</strong></span> <span class='ocrx_word' id='word_1_223' title='bbox 933 3239 993 3307; x_wconf 88' lang='lat' dir='ltr'><strong>est,</strong></span> <span class='ocrx_word' id='word_1_224' title='bbox 1017 3229 1097 3312; x_wconf 85' lang='lat' dir='ltr'><strong>quod</strong></span> <span class='ocrx_word' id='word_1_225' title='bbox 1118 3229 1173 3293; x_wconf 88' lang='lat' dir='ltr'><strong>du·</strong></span> 
     </span>
     <span class='ocr_line' id='line_1_31' title="bbox 98 3315 1173 3398; baseline -0.003 -17"><span class='ocrx_word' id='word_1_226' title='bbox 98 3318 242 3391; x_wconf 77' lang='lat' dir='ltr'><strong>ditemus,</strong></span> <span class='ocrx_word' id='word_1_227' title='bbox 275 3317 346 3398; x_wconf 86' lang='lat' dir='ltr'><strong>quin</strong></span> <span class='ocrx_word' id='word_1_228' title='bbox 376 3317 434 3379; x_wconf 85' lang='lat' dir='ltr'><strong>icc</strong></span> <span class='ocrx_word' id='word_1_229' title='bbox 467 3333 585 3380; x_wconf 88' lang='lat' dir='ltr'><strong>carmen</strong></span> <span class='ocrx_word' id='word_1_230' title='bbox 619 3317 674 3379; x_wconf 88' lang='lat' dir='ltr'><strong>sub</strong></span> <span class='ocrx_word' id='word_1_231' title='bbox 703 3315 790 3380; x_wconf 82' lang='lat' dir='ltr'><strong>inem</strong></span> <span class='ocrx_word' id='word_1_232' title='bbox 824 3318 887 3378; x_wconf 91' lang='lat' dir='ltr'><strong>eius</strong></span> <span class='ocrx_word' id='word_1_233' title='bbox 918 3318 987 3379; x_wconf 89' lang='lat' dir='ltr'><strong>anni</strong></span> <span class='ocrx_word' id='word_1_234' title='bbox 1022 3319 1173 3398; x_wconf 86' lang='lat' dir='ltr'><strong>scriptum,</strong></span> 
     </span>
     <span class='ocr_line' id='line_1_32' title="bbox 99 3401 1174 3486; baseline -0.001 -21"><span class='ocrx_word' id='word_1_235' title='bbox 99 3421 189 3486; x_wconf 83' lang='lat' dir='ltr'><strong>quern</strong></span> <span class='ocrx_word' id='word_1_236' title='bbox 210 3403 358 3466; x_wconf 80' lang='lat' dir='ltr'><strong>infelicem</strong></span> <span class='ocrx_word' id='word_1_237' title='bbox 378 3402 436 3464; x_wconf 86' lang='lat' dir='ltr'><strong>sihi</strong></span> <span class='ocrx_word' id='word_1_238' title='bbox 463 3402 557 3464; x_wconf 86' lang='lat' dir='ltr'><strong>luisse</strong></span> <span class='ocrx_word' id='word_1_239' title='bbox 576 3420 620 3466; x_wconf 80' lang='lat' dir='ltr'><strong>us.</strong></span> <span class='ocrx_word' id='word_1_240' title='bbox 641 3407 672 3466; x_wconf 88' lang='lat'><strong>7.</strong></span> <span class='ocrx_word' id='word_1_241' title='bbox 694 3401 857 3483; x_wconf 81' lang='lat' dir='ltr'><strong>significet,</strong></span> <span class='ocrx_word' id='word_1_242' title='bbox 880 3401 912 3463; x_wconf 91' lang='lat' dir='ltr'><strong>in</strong></span> <span class='ocrx_word' id='word_1_243' title='bbox 935 3403 1066 3466; x_wconf 85' lang='lat' dir='ltr'><strong>editions</strong></span> <span class='ocrx_word' id='word_1_244' title='bbox 1088 3403 1174 3466; x_wconf 88' lang='lat' dir='ltr'><strong>luins</strong></span> 
     </span>
     <span class='ocr_line' id='line_1_33' title="bbox 97 3487 1176 3571; baseline -0.002 -17"><span class='ocrx_word' id='word_1_245' title='bbox 97 3489 260 3554; x_wconf 81' lang='lat' dir='ltr'><strong>uoluminis</strong></span> <span class='ocrx_word' id='word_1_246' title='bbox 285 3505 342 3571; x_wconf 87' lang='lat' dir='ltr'><strong>pro</strong></span> <span class='ocrx_word' id='word_1_247' title='bbox 371 3489 513 3568; x_wconf 90' lang='lat' dir='ltr'><strong>temporis</strong></span> <span class='ocrx_word' id='word_1_248' title='bbox 535 3489 654 3552; x_wconf 88' lang='lat' dir='ltr'><strong>ratione</strong></span> <span class='ocrx_word' id='word_1_249' title='bbox 678 3487 717 3550; x_wconf 91' lang='lat' dir='ltr'><strong>iis</strong></span> <span class='ocrx_word' id='word_1_250' title='bbox 739 3487 845 3568; x_wconf 82' lang='lat' dir='ltr'><strong>elegiis</strong></span> <span class='ocrx_word' id='word_1_251' title='bbox 867 3505 887 3551; x_wconf 83' lang='lat' dir='ltr'><strong>s</strong></span> <span class='ocrx_word' id='word_1_252' title='bbox 905 3487 1064 3571; x_wconf 84' lang='lat' dir='ltr'><strong>Propertio</strong></span> <span class='ocrx_word' id='word_1_253' title='bbox 1085 3505 1176 3571; x_wconf 81' lang='lat' dir='ltr'><strong>prue-</strong></span> 
     </span>
     <span class='ocr_line' id='line_1_34' title="bbox 97 3574 1177 3658; baseline 0.002 -20"><span class='ocrx_word' id='word_1_254' title='bbox 97 3575 191 3639; x_wconf 82' lang='lat' dir='ltr'><strong>irxurn</strong></span> <span class='ocrx_word' id='word_1_255' title='bbox 210 3575 318 3650; x_wconf 85' lang='lat' dir='ltr'><strong>luerit,</strong></span> <span class='ocrx_word' id='word_1_256' title='bbox 344 3574 451 3655; x_wconf 86' lang='lat' dir='ltr'><strong>quibus</strong></span> <span class='ocrx_word' id='word_1_257' title='bbox 473 3576 583 3637; x_wconf 88' lang='lat' dir='ltr'><strong>amoris</strong></span> <span class='ocrx_word' id='word_1_258' title='bbox 605 3575 652 3636; x_wconf 90' lang='lat' dir='ltr'><strong>sni</strong></span> <span class='ocrx_word' id='word_1_259' title='bbox 678 3581 842 3658; x_wconf 86' lang='lat' dir='ltr'><strong>temporum</strong></span> <span class='ocrx_word' id='word_1_260' title='bbox 867 3583 983 3657; x_wconf 88' lang='lat' dir='ltr'><strong>partem</strong></span> <span class='ocrx_word' id='word_1_261' title='bbox 1008 3575 1177 3640; x_wconf 85' lang='lat' dir='ltr'><strong>cecinisset.</strong></span> 
     </span>
     <span class='ocr_line' id='line_1_35' title="bbox 99 3659 1177 3736; baseline -0.003 -11"><span class='ocrx_word' id='word_1_262' title='bbox 99 3662 138 3725; x_wconf 92' lang='lat' dir='ltr'><strong>ln</strong></span> <span class='ocrx_word' id='word_1_263' title='bbox 159 3663 217 3724; x_wconf 85' lang='lat' dir='ltr'><strong>hoc</strong></span> <span class='ocrx_word' id='word_1_264' title='bbox 239 3669 336 3724; x_wconf 90' lang='lat' dir='ltr'><strong>auteur</strong></span> <span class='ocrx_word' id='word_1_265' title='bbox 358 3669 421 3723; x_wconf 83' lang='lat' dir='ltr'><strong>toto</strong></span> <span class='ocrx_word' id='word_1_266' title='bbox 442 3660 523 3723; x_wconf 83' lang='lat' dir='ltr'><strong>libro</strong></span> <span class='ocrx_word' id='word_1_267' title='bbox 551 3659 625 3724; x_wconf 90' lang='lat' dir='ltr'><strong>satis</strong></span> <span class='ocrx_word' id='word_1_268' title='bbox 652 3659 762 3724; x_wconf 89' lang='lat' dir='ltr'><strong>laetum</strong></span> <span class='ocrx_word' id='word_1_269' title='bbox 786 3676 852 3723; x_wconf 91' lang='lat' dir='ltr'><strong>esse</strong></span> <span class='ocrx_word' id='word_1_270' title='bbox 879 3676 1010 3724; x_wconf 83' lang='lat' dir='ltr'><strong>eruorem</strong></span> <span class='ocrx_word' id='word_1_271' title='bbox 1032 3659 1177 3736; x_wconf 84' lang='lat' dir='ltr'><strong>uidemus,</strong></span> 
     </span>
     <span class='ocr_line' id='line_1_36' title="bbox 100 3743 1178 3830; baseline 0 -20"><span class='ocrx_word' id='word_1_272' title='bbox 100 3748 237 3830; x_wconf 78' lang='lat' dir='ltr'><strong>qusnrus</strong></span> <span class='ocrx_word' id='word_1_273' title='bbox 258 3747 440 3810; x_wconf 87' lang='lat' dir='ltr'><strong>aemulorum</strong></span> <span class='ocrx_word' id='word_1_274' title='bbox 460 3747 550 3809; x_wconf 90' lang='lat' dir='ltr'><strong>timor</strong></span> <span class='ocrx_word' id='word_1_275' title='bbox 570 3763 631 3809; x_wconf 92' lang='lat' dir='ltr'><strong>uon</strong></span> <span class='ocrx_word' id='word_1_276' title='bbox 652 3747 745 3810; x_wconf 88' lang='lat' dir='ltr'><strong>semel</strong></span> <span class='ocrx_word' id='word_1_277' title='bbox 768 3743 924 3809; x_wconf 87' lang='lat' dir='ltr'><strong>discidium</strong></span> <span class='ocrx_word' id='word_1_278' title='bbox 945 3748 1082 3812; x_wconf 85' lang='lat' dir='ltr'><strong>minetur.</strong></span> <span class='ocrx_word' id='word_1_279' title='bbox 1124 3746 1178 3810; x_wconf 88' lang='lat' dir='ltr'><strong>Sic</strong></span> 
     </span>
     <span class='ocr_line' id='line_1_37' title="bbox 101 3831 1177 3914; baseline -0.004 -16"><span class='ocrx_word' id='word_1_280' title='bbox 101 3834 166 3914; x_wconf 79' lang='grc' dir='ltr'><strong>(ΙΙΙ.</strong></span> <span class='ocrx_word' id='word_1_281' title='bbox 194 3833 241 3912; x_wconf 77' lang='grc'><strong>5.)</strong></span> <span class='ocrx_word' id='word_1_282' title='bbox 268 3833 316 3897; x_wconf 86' lang='lat' dir='ltr'><strong>uir</strong></span> <span class='ocrx_word' id='word_1_283' title='bbox 347 3833 402 3896; x_wconf 92' lang='lat' dir='ltr'><strong>ille</strong></span> <span class='ocrx_word' id='word_1_284' title='bbox 429 3832 540 3895; x_wconf 89' lang='lat' dir='ltr'><strong>nobilis</strong></span> <span class='ocrx_word' id='word_1_285' title='bbox 567 3831 626 3914; x_wconf 82' lang='lat' dir='ltr'><strong>(us.</strong></span> <span class='ocrx_word' id='word_1_286' title='bbox 649 3831 732 3912; x_wconf 84' lang='lat'><strong>23.),</strong></span> <span class='ocrx_word' id='word_1_287' title='bbox 760 3849 847 3914; x_wconf 85' lang='lat' dir='ltr'><strong>quern</strong></span> <span class='ocrx_word' id='word_1_288' title='bbox 873 3848 1003 3896; x_wconf 85' lang='lat' dir='ltr'><strong>amorem</strong></span> <span class='ocrx_word' id='word_1_289' title='bbox 1032 3833 1177 3914; x_wconf 78' lang='lat' dir='ltr'><strong>Gpntlrise</strong></span> 
     </span>
     <span class='ocr_line' id='line_1_38' title="bbox 102 3917 1178 4004; baseline -0.003 -20"><span class='ocrx_word' id='word_1_290' title='bbox 102 3927 309 4003; x_wconf 88' lang='lat' dir='ltr'><strong>capessentem</strong></span> <span class='ocrx_word' id='word_1_291' title='bbox 336 3919 376 3982; x_wconf 81' lang='lat' dir='ltr'><strong>ab</strong></span> <span class='ocrx_word' id='word_1_292' title='bbox 407 3917 542 3982; x_wconf 90' lang='lat' dir='ltr'><strong>instituto</strong></span> <span class='ocrx_word' id='word_1_293' title='bbox 575 3917 729 4004; x_wconf 81' lang='lat' dir='ltr'><strong>deterrere</strong></span> <span class='ocrx_word' id='word_1_294' title='bbox 755 3918 931 4001; x_wconf 86' lang='lat' dir='ltr'><strong>Propertius</strong></span> <span class='ocrx_word' id='word_1_295' title='bbox 962 3928 1104 3997; x_wconf 90' lang='lat' dir='ltr'><strong>conatur,</strong></span> <span class='ocrx_word' id='word_1_296' title='bbox 1133 3919 1178 3981; x_wconf 91' lang='lat' dir='ltr'><strong>sic</strong></span> 
     </span>
     <span class='ocr_line' id='line_1_39' title="bbox 103 4003 1178 4090; baseline -0.002 -22"><span class='ocrx_word' id='word_1_297' title='bbox 103 4013 229 4090; x_wconf 89' lang='lat' dir='ltr'><strong>praetor</strong></span> <span class='ocrx_word' id='word_1_298' title='bbox 250 4003 313 4084; x_wconf 81' lang='grc' dir='ltr'><strong>(ΙΙΙ.</strong></span> <span class='ocrx_word' id='word_1_299' title='bbox 334 4004 398 4088; x_wconf 83' lang='grc'><strong>8.),</strong></span> <span class='ocrx_word' id='word_1_300' title='bbox 419 4005 472 4087; x_wconf 75' lang='lat' dir='ltr'><strong>spui</strong></span> <span class='ocrx_word' id='word_1_301' title='bbox 493 4003 661 4068; x_wconf 83' lang='lat' dir='ltr'><strong>nunidem</strong></span> <span class='ocrx_word' id='word_1_302' title='bbox 682 4006 806 4069; x_wconf 86' lang='lat' dir='ltr'><strong>situum</strong></span> <span class='ocrx_word' id='word_1_303' title='bbox 826 4003 899 4084; x_wconf 92' lang='lat' dir='ltr'><strong>illo,</strong></span> <span class='ocrx_word' id='word_1_304' title='bbox 926 4022 984 4088; x_wconf 92' lang='lat' dir='ltr'><strong>pro</strong></span> <span class='ocrx_word' id='word_1_305' title='bbox 1005 4014 1089 4088; x_wconf 89' lang='lat' dir='ltr'><strong>certo</strong></span> <span class='ocrx_word' id='word_1_306' title='bbox 1112 4004 1178 4086; x_wconf 83' lang='lat' dir='ltr'><strong>qni-</strong></span> 
     </span>
     <span class='ocr_line' id='line_1_40' title="bbox 104 4090 1178 4173; baseline -0.003 -18"><span class='ocrx_word' id='word_1_307' title='bbox 104 4092 172 4156; x_wconf 90' lang='lat' dir='ltr'><strong>dem</strong></span> <span class='ocrx_word' id='word_1_308' title='bbox 198 4090 345 4156; x_wconf 77' lang='lat' dir='ltr'><strong>afirmari</strong></span> <span class='ocrx_word' id='word_1_309' title='bbox 370 4091 488 4172; x_wconf 87' lang='lat' dir='ltr'><strong>nequit,</strong></span> <span class='ocrx_word' id='word_1_310' title='bbox 515 4091 559 4154; x_wconf 89' lang='lat' dir='ltr'><strong>sic</strong></span> <span class='ocrx_word' id='word_1_311' title='bbox 586 4107 651 4153; x_wconf 89' lang='lat' dir='ltr'><strong>cunr</strong></span> <span class='ocrx_word' id='word_1_312' title='bbox 676 4091 816 4166; x_wconf 78' lang='lat' dir='ltr'><strong>amicam,</strong></span> <span class='ocrx_word' id='word_1_313' title='bbox 843 4098 876 4155; x_wconf 87' lang='lat' dir='ltr'><strong>ut</strong></span> <span class='ocrx_word' id='word_1_314' title='bbox 903 4099 1060 4173; x_wconf 85' lang='lat' dir='ltr'><strong>corruptas</strong></span> <span class='ocrx_word' id='word_1_315' title='bbox 1084 4091 1178 4154; x_wconf 85' lang='lat' dir='ltr'><strong>Baias</strong></span> 
     </span>
     <span class='ocr_line' id='line_1_41' title="bbox 105 4174 1179 4260; baseline -0.002 -20"><span class='ocrx_word' id='word_1_316' title='bbox 105 4196 193 4260; x_wconf 84' lang='lat' dir='ltr'><strong>quarn</strong></span> <span class='ocrx_word' id='word_1_317' title='bbox 212 4178 354 4241; x_wconf 85' lang='lat' dir='ltr'><strong>citissime</strong></span> <span class='ocrx_word' id='word_1_318' title='bbox 373 4177 538 4258; x_wconf 86' lang='lat' dir='ltr'><strong>relinquat,</strong></span> <span class='ocrx_word' id='word_1_319' title='bbox 557 4176 695 4242; x_wconf 75' lang='lat' dir='ltr'><strong>admonet</strong></span> <span class='ocrx_word' id='word_1_320' title='bbox 713 4176 775 4251; x_wconf 86' lang='grc' dir='ltr'><strong>(ΕΙ.</strong></span> <span class='ocrx_word' id='word_1_321' title='bbox 795 4176 872 4257; x_wconf 91' lang='lat' dir='ltr'><strong>ll.).</strong></span> <span class='ocrx_word' id='word_1_322' title='bbox 914 4176 953 4241; x_wconf 85' lang='lat' dir='ltr'><strong>Et</strong></span> <span class='ocrx_word' id='word_1_323' title='bbox 973 4178 1040 4240; x_wconf 90' lang='lat' dir='ltr'><strong>iure</strong></span> <span class='ocrx_word' id='word_1_324' title='bbox 1060 4174 1179 4259; x_wconf 85' lang='lat' dir='ltr'><strong>quidem</strong></span> 
     </span>
     <span class='ocr_line' id='line_1_42' title="bbox 104 4260 1179 4346; baseline -0.005 -19"><span class='ocrx_word' id='word_1_325' title='bbox 104 4265 192 4330; x_wconf 90' lang='lat' dir='ltr'><strong>illud.</strong></span> <span class='ocrx_word' id='word_1_326' title='bbox 236 4264 313 4328; x_wconf 88' lang='lat' dir='ltr'><strong>Nam</strong></span> <span class='ocrx_word' id='word_1_327' title='bbox 334 4265 427 4346; x_wconf 82' lang='lat' dir='ltr'><strong>longa</strong></span> <span class='ocrx_word' id='word_1_328' title='bbox 447 4265 498 4327; x_wconf 86' lang='lat' dir='ltr'><strong>uia</strong></span> <span class='ocrx_word' id='word_1_329' title='bbox 524 4272 664 4327; x_wconf 87' lang='lat' dir='ltr'><strong>mutatarn</strong></span> <span class='ocrx_word' id='word_1_330' title='bbox 690 4263 822 4346; x_wconf 88' lang='lat' dir='ltr'><strong>puellam</strong></span> <span class='ocrx_word' id='word_1_331' title='bbox 850 4280 934 4327; x_wconf 91' lang='lat' dir='ltr'><strong>suarn</strong></span> <span class='ocrx_word' id='word_1_332' title='bbox 960 4263 1095 4346; x_wconf 86' lang='lat' dir='ltr'><strong>queritur</strong></span> <span class='ocrx_word' id='word_1_333' title='bbox 1116 4260 1179 4336; x_wconf 81' lang='lat' dir='ltr'><strong>(iil.</strong></span> 
     </span>
     <span class='ocr_line' id='line_1_43' title="bbox 108 4346 1181 4434; baseline -0.006 -19"><span class='ocrx_word' id='word_1_334' title='bbox 108 4354 194 4432; x_wconf 60' lang='lat' dir='ltr'><strong>lm),</strong></span> <span class='ocrx_word' id='word_1_335' title='bbox 222 4352 346 4414; x_wconf 89' lang='lat' dir='ltr'><strong>amicum</strong></span> <span class='ocrx_word' id='word_1_336' title='bbox 370 4350 485 4414; x_wconf 84' lang='lat' dir='ltr'><strong>Gallum</strong></span> <span class='ocrx_word' id='word_1_337' title='bbox 513 4350 601 4433; x_wconf 88' lang='lat' dir='ltr'><strong>lapsu</strong></span> <span class='ocrx_word' id='word_1_338' title='bbox 624 4366 679 4414; x_wconf 92' lang='lat' dir='ltr'><strong>suo</strong></span> <span class='ocrx_word' id='word_1_339' title='bbox 708 4350 842 4431; x_wconf 81' lang='lat' dir='ltr'><strong>gauisunr</strong></span> <span class='ocrx_word' id='word_1_340' title='bbox 864 4350 1030 4434; x_wconf 79' lang='lat' dir='ltr'><strong>uituperat,</strong></span> <span class='ocrx_word' id='word_1_341' title='bbox 1055 4346 1181 4411; x_wconf 81' lang='lat' dir='ltr'><strong>similem</strong></span> 
     </span>
    </p>
   </div>
   <div class='ocr_carea' id='block_1_15' title="bbox 0 0 1443 4972">
    <p class='ocr_par' dir='ltr' id='par_1_17' title="bbox 0 0 1443 4972">
     <span class='ocr_line' id='line_1_44' title="bbox 0 0 1443 4972; baseline 0 0"><span class='ocrx_word' id='word_1_342' title='bbox 0 0 1443 4972; x_wconf 95' lang='lat' dir='ltr'><strong> </strong></span> 
     </span>
    </p>
   </div>
  </div>
 </body>
</html>
