2806 4974
222 345 300 430 220
346 391 349 404 ·
551 334 744 416 maurorum
761 354 843 410 liber
859 351 965 409 tertius.

116 537 118 545 ⁴
223 521 451 611 coartararnnt,
477 530 707 597 inculcaverant
756 528 832 592 ilinc
863 545 982 612 qnoque
1011 491 1144 592 rorasse
1171 525 1297 603 Iactum,

221 632 256 688 at
281 623 313 685 iu
337 618 472 703 plurimis
499 618 650 682 codicibus
676 616 724 679 ΕΙ.
744 620 775 681 9.
797 619 951 698 proximae
979 618 1030 678 Io.
1050 612 1297 677 adhaerescerat.

222 709 309 772 Illam
333 708 408 768 anim
428 723 448 767 a
466 705 613 785 principio
639 702 770 765 mutilam
795 719 861 764 essa
880 699 1061 762 Lachmanni
1083 701 1215 762 rationes
1237 699 1297 761 mi-
1396 755 1397 770 ,

222 795 300 857 nime
317 794 460 864 ariaount,
478 791 529 872 qai
547 790 595 853 hio
615 790 732 870 priores
753 789 930 868 interpretes
950 786 1066 847 adunco
1082 786 1201 847 nimium
1218 801 1297 847 uaso
1396 807 1397 838 1

224 877 386 960 suspendit.
429 875 475 938 Da
496 893 551 937 usu
574 876 649 937 anim
670 873 881 955 particularum
903 871 1120 934 aduersantium
1141 873 1179 933 ab
1205 871 1297 933 imilla

224 965 384 1028 carminum
408 963 588 1043 positarum,
614 977 672 1040 quo
698 960 731 1021 in
754 978 810 1020 usu
834 956 1000 1020 deliniendo
1028 959 1122 1019 omnis
1149 958 1225 1020 haec
1250 957 1294 1018 lis

223 1059 378 1123 versatur,
402 1047 441 1110 ci.
462 1049 499 1111 L.
518 1045 555 1108 ΙΙ.
580 1043 653 1127 Gap.
670 1044 721 1109 VI.
770 1044 839 1107 Alia
866 1052 910 1106 est
932 1043 1085 1114 ratioEl.
1108 1045 1178 1121 34„
1203 1061 1298 1124 quam

223 1136 277 1200 lini
299 1133 454 1198 uoluminis
482 1129 603 1194 secundi
629 1130 811 1193 adincerunt.
853 1129 1002 1210 Scriptum
1025 1138 1122 1191 autern
1144 1147 1212 1192 assa
1233 1130 1297 1191 lroc
1396 1137 1397 1188 Ι

221 1237 343 1286 carmen
356 1220 459 1300 paullo
474 1226 543 1282 ante
557 1215 710 1282 discidium
726 1217 789 1280 sire
803 1231 879 1280 anno
894 1218 966 1284 728.
980 1223 1114 1294 exeunte,
1126 1220 1215 1282 alil.
1226 1230 1297 1298 sqq.
1396 1205 1397 1256 ἶ

224 1315 386 1374 testamur:
637 1315 641 1326 ⁸

360 1423 396 1478 at
412 1423 504 1476 ruodo
521 1423 638 1491 formosa
657 1422 701 1490 pal
717 1403 801 1475 molto
818 1423 947 1490 lacoride
967 1422 1090 1476 Gallos
1142 1485 1144 1494 y

394 1493 557 1546 Mortuos
578 1492 683 1558 ioferroo
700 1493 808 1544 noluero
827 1493 894 1544 lavit
911 1507 990 1560 oqoo.

226 1616 310 1682 Obiit
347 1615 424 1678 enim
454 1614 610 1679 Cornelius
642 1614 779 1678 Gallus
814 1614 1030 1684 Foroiuliensis
1059 1633 1088 1677 a.
1116 1614 1190 1677 726.
1218 1618 1299 1676 teste

225 1702 311 1766 Gass.
328 1703 421 1766 ,DIom
442 1702 528 1777 LIII,
551 1704 603 1764 23.
648 1699 736 1763 Girca
765 1700 844 1764 idem
871 1710 967 1764 autem
995 1710 1107 1783 tempus
1133 1699 1298 1778 VIrgilium

224 1787 427 1870 componenda
447 1785 580 1850 Aeneida
600 1795 774 1867 occupatum
792 1788 885 1850 inissa
897 1787 976 1850 coll.
996 1806 1044 1851 rr.
1066 1788 1213 1850 61-66.
1238 1782 1297 1847 do-

226 1884 294 1938 aaut
316 1884 345 1937 et
366 1873 420 1935 alii
442 1881 472 1935 et
492 1873 575 1936 laha.
596 1871 754 1935 introduct.
777 1872 817 1934 ad
833 1873 918 1953 Ving.
938 1877 1011 1936 Aen.
1033 1892 1063 1954 p.
1081 1871 1174 1938 XXV.
1194 1871 1249 1934 IX.

330 1974 467 2038 (laterum
489 1991 529 2036 ex
550 1975 606 2036 lrac
635 1974 739 2036 nostra
766 1975 937 2038 coniectura
962 1974 1048 2036 simul
1076 1980 1217 2055 apparet,
1246 1988 1299 2034 se·

225 2059 350 2124 cundum
373 2069 403 2124 et
423 2060 541 2122 tertium
560 2060 668 2122 librum
690 2059 852 2123 adornatos
880 2060 949 2122 illos
972 2058 1089 2141 quidem
1111 2069 1141 2122 ot
1166 2059 1225 2120 iam
1245 2056 1298 2119 di·

225 2156 327 2228 gestos
356 2147 394 2208 ab
425 2146 491 2226 Ipso
520 2155 625 2225 poeta,
652 2162 707 2208 uec
729 2155 826 2209 taurea
848 2163 886 2208 ex
905 2146 1028 2226 priuatIs
1050 2146 1167 2208 scriuiis
1187 2144 1298 2207 Sosins

226 2250 297 2297 suos
324 2239 375 2295 aut
397 2231 572 2312 Tryphonos
599 2240 702 2294 nactos
733 2249 808 2294 esse.
852 2231 924 2307 Gai,
954 2233 981 2294 si
1007 2231 1078 2312 quid
1104 2229 1209 2306 uideo,
1235 2231 1297 2292 lroo

226 2317 370 2399 imprimIs
399 2326 602 2395 argumentum
628 2317 727 2393 lavet,
754 2316 832 2398 quod
854 2318 978 2397 primum
1000 2317 1108 2379 librum
1130 2336 1149 2378 a
1169 2315 1314 2396 reliquis·
1396 2320 1397 2362 Ι

105 2472 110 2480 ,
226 2411 415 2483 segregatum
443 2412 590 2482 tamquam
619 2421 707 2465 uurrm
741 2412 769 2466 et
803 2402 967 2466 absolutum
997 2421 1070 2484 opus
1104 2402 1298 2483 Gpntlniae

227 2489 346 2554 nornine
373 2489 546 2570 inscriptum
572 2489 603 2550 iu
626 2488 776 2570 publicum
800 2488 966 2570 prodiisse,
993 2489 1140 2571 plurimas
1161 2489 1298 2551 ratIoues
1396 2487 1397 2502 ¹

225 2572 415 2658 persuadent
459 2574 587 2637 Primum
610 2575 702 2649 enim,
724 2573 803 2655 quod
826 2582 856 2637 et
874 2574 1033 2639 Paldamus
1054 2584 1135 2638 recte
1157 2575 1298 2636 observat
1396 2585 1397 2612 Ι

139 2715 145 2724 ,
226 2659 280 2740 (da
309 2661 404 2723 Erott.
432 2660 545 2723 Romm.
576 2677 606 2740 p.
634 2657 702 2741 69.)
733 2669 763 2722 et
792 2676 847 2721 nos
876 2661 998 2722 uberius
1029 2679 1121 2743 supra
1146 2657 1299 2742 persecuti
1396 2667 1397 2742 Ι

188 2797 190 2804 .
227 2764 343 2820 sumus,
373 2755 483 2809 tautam
511 2746 542 2807 iu
570 2762 606 2807 eo
635 2746 797 2807 invenimus
828 2746 917 2809 limae
946 2747 1125 2823 sollertiam,
1158 2754 1298 2826 quautam

125 2825 130 2835 ¹
224 2832 258 2895 in
284 2831 365 2893 nullo
393 2828 585 2912 reIIquorum‘.
627 2831 741 2894 Deludc
769 2848 840 2895 reno
866 2841 957 2916 pocta
983 2833 1049 2914 ipse
1078 2833 1192 2915 apertis
1219 2829 1297 2895 illud
1396 2895 1397 2898 ,

227 2917 301 2982 dicit
321 2917 424 2982 tarbis
444 2917 491 2981 ΕΙ.
513 2917 561 2993 ΙΙ,
581 2920 642 2994 24,
665 2921 693 2981 1.
714 2921 760 2980 2.;

364 3030 405 3082 ils
422 3029 549 3097 loqueris,
567 3045 625 3082 cnm
643 3031 682 3083 alo
700 3032 755 3082 iam
771 3038 855 3083 octo
872 3031 966 3100 sadala
983 3031 1089 3102 titan,

395 3099 431 3150 Et
447 3105 494 3154 tao
510 3099 547 3151 sit
563 3105 619 3152 toto
639 3099 785 3166 Cynthia
805 3102 871 3152 lecta
887 3097 967 3168 soro?

227 3217 283 3284 (iai
304 3217 467 3281 assentitur
487 3215 563 3280 adeo
587 3217 651 3281 eius
672 3218 744 3283 llhri
769 3221 943 3305 inscriptio,
971 3223 1070 3306 quaIIs
1089 3221 1122 3285 in
1142 3221 1298 3305 plerisque
1396 3187 1397 3230 ³

226 3305 380 3371 sociemus
400 3303 532 3382 legitur:

430 3421 513 3474 SEX.
529 3421 685 3475 Avitum
705 3425 905 3478 Pacatulam
924 3427 1088 3480 calvum

618 3492 864 3550 MONOBIBLOS
880 3524 916 3536 -

225 3611 382 3678 allamma
402 3607 622 3690 epIgrammatis
642 3609 793 3674 MarriaIIs
814 3614 893 3692 XIV,
913 3619 1002 3692 189„
1031 3616 1109 3698 qnod
1133 3616 1297 3681 Schneide-

224 3700 303 3765 wiao
324 3704 417 3771 teste,
438 3695 470 3756 in
493 3695 626 3756 omuibus
648 3695 734 3759 libris
757 3717 844 3761 mauu
866 3704 984 3782 scrIptis
1006 3703 1133 3782 legitur:
1155 3706 1297 3769 Mono-

224 3784 355 3849 biblos
376 3781 584 3860 Propertii.
627 3779 667 3844 Et
687 3784 781 3862 ipsum
803 3785 877 3848 illud
896 3790 1078 3870 epigramma
1099 3791 1154 3852 hao
1172 3799 1297 3872 accepta

226 3868 372 3934 scalentin
392 3865 484 3928 multo
507 3864 720 3945 signiIiaantius
743 3868 937 3948 Cynthium
965 3875 1141 3938 iuuenile
1161 3879 1210 3940 rol
1236 3878 1296 3938 iu-

224 3952 366 4020 venale
392 3952 542 4031 Propertii
571 3969 688 4014 carmen
711 3954 791 4018 dicit.
834 3955 869 4018 ld
896 3959 975 4039 quod
1001 3971 1083 4025 recta
1103 3962 1295 4026 Ruinkanius

227 4047 258 4105 et
273 4036 541 4115 Wasseuberghim
569 4038 600 4098 iu
621 4039 699 4102 uotis
724 4039 763 4100 ad
786 4059 812 4104 e.
834 4042 855 4104 Ι.
877 4063 946 4109 mss.
969 4047 1137 4111 observant.
1181 4047 1298 4125 erodsi

224 4124 429 4190 Lachmauuus
458 4120 513 4200 (ad
535 4122 582 4185 El.
604 4122 649 4199 11,
673 4126 730 4198 14,
752 4130 804 4190 26.
836 4128 894 4205 ΙΙΙ,
915 4131 952 4207 5,
975 4136 1027 4196 26.
1050 4132 1097 4196 ed.
1120 4133 1220 4214 Lips.)
1249 4132 1295 4195 di-

225 4219 308 4273 serta
328 4209 383 4271 illa
403 4207 570 4271 testimonia
589 4207 634 4271 ita
655 4207 827 4291 detorquet,
854 4223 887 4277 ut
913 4208 1133 4297 μονόβιβλον,
1161 4219 1193 4281 id
1216 4215 1296 4300 qood

224 4295 320 4359 solam
344 4291 515 4376 siguificare
539 4302 656 4378 potest,
682 4294 822 4362 librum
850 4300 1096 4383 singularam
1123 4304 1295 4387 sigulioare
