2806 4974
435 381 524 450 capul
542 381 588 438 v1.
621 381 664 435 De
683 351 844 436 elocutione.
1107 365 1181 442 169

212 552 338 635 Semper
367 562 464 616 anatem
492 570 556 616 oum
583 564 766 636 pentametro
790 547 889 618 claudi
918 553 1074 630 ambitum,
1101 551 1181 636 legi-
1251 543 1253 547 ’

5 671 6 726 3
108 641 182 704 tima
203 650 248 702 est
269 643 357 702 ratio.
393 641 459 702 Ubi
480 641 556 701 enim
579 641 648 721 quid
669 651 773 704 contra
794 640 911 714 accidit,
931 641 1012 704 reiut
1032 641 1062 718 1,
1079 643 1110 715 3,
1128 643 1180 704 33.

111 731 170 800 ll,
191 729 222 788 6.
249 726 304 800 IV,
329 731 384 800 ll,
407 730 459 790 35.
489 729 634 788 sententia
661 736 757 789 tamen
789 727 921 790 breviori
947 745 1036 790 uersu
1065 726 1182 790 inclusa

110 811 345 893 supplementum
373 821 417 873 est
445 822 474 875 et
495 814 627 873 accessio
649 815 830 893 superioris,
856 831 951 893 ueqrue
973 813 1039 892 ipsa
1060 813 1184 892 longior

109 908 306 979 pentametro.
350 899 454 978 Neque
479 898 568 960 aliter
598 899 1054 974 es111‚32‚4t-51.5e.,
1080 916 1183 979 quam·

111 1003 201 1064 quam
226 1001 262 1046 eo
288 983 406 1058 durius,
434 983 514 1062 quod
539 987 713 1064 pentametri
743 988 890 1049 sententia
916 985 1012 1047 statim
1034 984 1185 1066 sequenti·

110 1071 167 1133 bus
197 1069 333 1132 uersibus
361 1069 579 1150 amplificatur„
609 1072 684 1134 Hine
711 1081 808 1134 auteur
834 1070 1063 1151 interpungendi
1090 1072 1185 1133 ratio·

111 1174 181 1218 uem
207 1157 361 1235 urulgarem
389 1156 603 1217 emendarimus
629 1156 685 1232 IV,
710 1162 744 1232 Ι,
770 1161 822 1222 87.
871 1157 933 1219 Sed
969 1156 1007 1218 de
1038 1155 1185 1234 industria

111 1243 173 1304 sibi
200 1242 286 1304 buius
306 1243 384 1319 legis
408 1241 610 1323 exceptionem
634 1243 795 1318 concessit,
819 1261 884 1306 cum
906 1261 998 1321 graue
1018 1242 1132 1322 aliquid
1155 1249 1186 1306 el

111 1337 238 1410 praeter
266 1328 498 1408 expectationem
525 1328 669 1391 accidisse
698 1329 856 1410 significat.
896 1329 988 1406 ,Tum
1007 1329 1082 1392 enim
1109 1328 1185 1391 adeo

113 1433 153 1476 ex
184 1415 302 1493 integro
330 1432 419 1476 uersu
452 1415 574 1476 heroico
605 1415 702 1477 oratio
734 1419 765 1478 iu
792 1415 958 1478 breuiorem
988 1415 1187 1476 circumducta

113 1499 214 1562 subito
238 1502 268 1561 iu
295 1499 391 1561 medio
412 1509 595 1581 pentametro
619 1501 768 1576 subsistit,
795 1510 828 1563 ut
849 1501 917 1564 hinc
942 1517 1018 1562 noua
1040 1501 1188 1562 sententia

113 1585 270 1661 ordiatur,
290 1595 324 1647 ut
344 1586 389 1659 ΙΙ,
411 1591 513 1660 7,’3.;
541 1586 658 1649 Flemus
679 1595 803 1669 uterque
826 1585 892 1663 diu,
912 1621 955 1630 --
978 1587 1008 1648 ni
1035 1604 1090 1647 nos
1112 1586 1188 1649 diui-

6 1693 7 1700 *
113 1671 217 1734 deret:
239 1705 283 1714 --
304 1674 435 1751 quamuis
457 1681 542 1747 cett,
561 1674 614 1734 ubi
633 1673 804 1755 interruptis
826 1691 962 1736 uersuum
984 1673 1111 1734 numeris
1133 1689 1189 1754 op·

92 1759 278 1839 positionis
305 1758 436 1836 grauitas
464 1769 599 1839 apparet.
648 1757 762 1821 Rursus
783 1760 843 1834 ΙΙΙ,
867 1762 922 1834 lb,
945 1761 996 1824 35.
1025 1767 1094 1839 post
1120 1757 1188 1820 lon-

114 1863 187 1922 gum
214 1844 401 1906 interuallum
427 1844 491 1905 linis
515 1844 670 1906 enuntiati:
700 1864 795 1919 „sera
815 1879 857 1888 -
879 1855 977 1908 tamen
1002 1845 1122 1926 pietas“
1143 1877 1188 1888 --

6 1941 7 2016 ξ
114 1933 146 1991 iu
176 1931 379 1991 hexametrum
408 1929 559 2002 differtur,
587 1941 620 1993 ut
648 1933 856 2012 expectatione
884 1948 1044 2012 suspensus
1072 1931 1187 1992 animus

114 2016 227 2078 lortius
250 2017 330 2077 exitu
352 2016 487 2079 feriatur.
530 2016 602 2077 Item
625 2015 674 2088 IV,
689 2021 719 2090 7,
733 2021 785 2080 53.
808 2019 847 2092 8,’
860 2021 912 2080 69.
930 2051 973 2060 --
991 2016 1114 2079 Eruitur
1133 2049 1188 2092 -,

116 2112 147 2165 et
170 2099 251 2183 quood
274 2104 317 2164 sio
339 2103 464 2184 positum
486 2102 585 2164 minax
604 2103 718 2182 aliquid
740 2104 830 2166 habet
850 2121 956 2166 nomeu
978 2101 1057 2164 Galli
1077 2103 1188 2164 barba-

113 2207 183 2352 ffiu:
200 2188 262 2349 ill:
279 2193 347 2338 lig-,²
366 2191 434 2252 tt:
461 2188 695 2254 Virdomari.
745 2189 807 2253 Sed
835 2189 928 2270 longe
956 2188 1190 2296 efficacissimum

120 2379 123 2389 ’
226 2390 292 2454 Quid
309 2406 377 2442 nouo
396 2390 532 2457 Tarquinii
550 2380 654 2455 fructus
673 2389 746 2441 iuuat
763 2405 820 2442 esse
836 2403 950 2456 secures,

258 2459 370 2510 Nomine
387 2475 458 2525 quern
479 2460 558 2509 simili
576 2459 632 2509 olto
649 2457 762 2522 superbo
779 2465 865 2524 rtotol,

222 2527 262 2580 st
278 2530 399 2585 utulier
415 2527 580 2592 potiendo
600 2525 693 2592 fuit?
708 2555 743 2564 —
768 2527 938 2594 capemenas
955 2523 1112 2594 triumphum
1126 2529 1191 2580 cett.

116 2647 173 2711 ulti
200 2664 255 2710 uec
283 2647 493 2727 indignationis
523 2647 672 2724 grauitas,
701 2665 797 2727 neque
824 2643 899 2708 illud
922 2638 1017 2730 παρὰ
1039 2640 1190 2730 rupoodo·

6 2765 7 2802 3
118 2729 197 2796 κίἀν
224 2734 329 2795 melius
361 2743 479 2815 poterat
507 2733 651 2794 illustrari
683 2751 769 2814 quam
792 2733 945 2807 intercisis
972 2731 1066 2811 longa
1094 2731 1191 2811 respi-

117 2821 239 2882 ratione
268 2820 430 2882 hexametri
457 2820 595 2880 uumeris.
638 2819 677 2880 At
706 2836 743 2880 ne
770 2817 900 2880 eiusdem
930 2817 1046 2898 quidem
1074 2826 1193 2879 senten·

117 2909 184 2970 tiae
213 2902 346 2982 κῶλον,
367 2923 425 2967 uno
454 2905 502 2967 vel
524 2905 639 2966 duobus
666 2905 764 2966 uerbis
791 2904 911 2984 longius
938 2903 1126 2978 hexametro,
1154 2921 1193 2966 ex

116 2993 179 3056 hoc
200 2992 232 3054 in
254 3002 465 3074 pentametrum
487 3009 577 3072 saepe
598 2990 798 3071 praependet,
818 2991 899 3054 velut
919 2991 949 3065 Ι,
971 2993 1029 3069 ΙΙ,
1050 2989 1117 3054 liu:

230 3109 264 3160 Ut
282 3111 349 3162 solet
368 3115 456 3161 amoto
474 3109 529 3161 lubi
546 3111 652 3162 custode
668 3109 759 3177 puella

260 3177 364 3242 Perfida
381 3206 415 3216 -
433 3194 578 3230 romorantes
595 3194 642 3230 nec
658 3179 804 3230 uteminieso
819 3173 890 3229 cleos.

121 3299 213 3380 Quod
233 3317 297 3362 cum
320 3299 441 3361 Tibullo
463 3301 501 3362 sit
522 3300 804 3380 frequentissimum,
826 3299 869 3362 itu
889 3297 1046 3380 imprimis,
1071 3306 1104 3360 ut
1125 3297 1196 3362 sub·

120 3390 233 3451 iactum
254 3387 417 3466 superioris
435 3388 577 3448 enuntiati
600 3389 725 3468 primam
742 3385 918 3466 pentametri
937 3385 1036 3453 sedem
1054 3386 1197 3461 obtineat,

123 3493 144 3536 a
166 3474 342 3552 Propertio,
370 3473 457 3535 modo
487 3491 523 3534 ne
552 3473 619 3554 plus
649 3472 708 3534 duo
737 3467 829 3533 nablo
857 3489 915 3532 uuo
945 3471 1071 3533 disticho
1101 3471 1197 3534 couti-

122 3568 269 3632 meantur,
296 3576 356 3620 uun
387 3559 476 3620 multo
505 3560 624 3640 saepius
654 3577 739 3639 quam
770 3557 1027 3639 quadragies,
1062 3557 1088 3618 si
1119 3559 1195 3620 beue

124 3645 263 3718 memini,
289 3644 397 3706 iactuum
421 3653 474 3706 est.
519 3645 612 3721 Quem
637 3662 786 3706 numerum
809 3645 860 3724 qui
882 3661 947 3704 oum
969 3643 1090 3706 Tibullo
1117 3660 1197 3706 oom-

124 3730 296 3816 parauerit,
317 3749 373 3811 pro
393 3729 531 3794 uersuum
553 3731 669 3794 ratione
688 3731 761 3794 satis
781 3748 902 3811 paruum
925 3747 990 3792 esse
1011 3730 1150 3792 latentur.

231 3815 293 3879 Sed
322 3818 473 3879 contrario
508 3835 618 3895 genere
650 3834 736 3878 nemo
765 3817 883 3895 saepius
913 3833 1000 3895 quam
1024 3816 1199 3896 Propertius
1302 3870 1310 3883 ,.

126 3921 199 3966 usus
225 3912 278 3965 est.
322 3903 356 3965 ld
387 3904 463 3964 euim
482 3900 575 3979 dico,
603 3919 667 3964 cum
694 3903 872 3984 pentametri
899 3903 1045 3966 sententia
1071 3903 1131 3966 iam
1159 3903 1198 3963 ab

126 3989 238 4052 ultimis
258 3989 422 4052 hexametri
441 3988 567 4069 pedibus
588 3989 720 4064 orditur,
741 3987 821 4068 quod
844 3981 990 4067 nunquam
1010 3989 1074 4051 siue
1097 3987 1198 4067 aliquo

126 4074 262 4156 pondere
283 4074 332 4151 lit,
353 4077 529 4156 praesertim
552 4092 616 4136 oum
638 4081 799 4156 pronomem
820 4074 1055 4154 monosyllabum
1076 4074 1201 4139 nouissi-

128 4179 205 4224 mam
227 4159 327 4223 sedem
349 4162 479 4239 obtinet,
497 4161 579 4225 uelut
599 4162 644 4237 ΙΙ,
666 4164 702 4237 Ι,
724 4161 792 4225 25.;

235 4280 362 4347 Bellaque
376 4295 468 4347 resque
484 4281 523 4332 toi
540 4295 711 4331 memorarem
730 4279 874 4334 caestum:
893 4285 919 4333 ol
936 4285 973 4332 lte

273 4349 389 4403 Caesare
405 4349 453 4403 sub
471 4365 565 4419 mupuo
583 4364 649 4402 earu
666 4348 780 4403 sarmada
795 4347 878 4415 soree.
