2848 4972
257 349 301 414 tt
573 352 789 422 PROPERTII
808 352 872 422 Et.
890 355 938 436 11,
957 353 1012 424 2⁹.

255 529 284 578 π
342 517 419 602 „Et
437 520 504 590 iam
525 521 569 590 ad
591 523 779 592 mundatem
798 527 950 594 venimus
971 543 1053 596 ecee
1073 524 1237 594 domum.“

300 618 415 708 Atque
434 625 482 691 ito
502 645 555 692 me
576 629 697 724 iniecto
718 629 882 698 duxerunt
900 651 1016 697 rursus
1038 633 1178 702 amictu:
1395 639 1396 714 l

344 724 390 808 „1
410 747 514 814 nuno,
537 737 571 797 et
593 739 709 799 noctes
732 733 826 801 disce
847 753 981 802 manere
1002 735 1123 804 domi.“
1395 725 1396 740 ¹

246 851 248 861 ·
299 823 402 894 Mune
421 837 512 915 erut,
536 839 571 899 et
591 834 701 918 volui,
723 838 753 901 si
775 836 848 901 solo
871 838 1060 923 quiesceret
1080 837 1149 921 illo,

344 930 481 1000 Visere:
504 943 538 1003 et
552 933 593 1003 'in
613 937 700 1008 lecto
721 937 864 1024 Cpnthiu
885 940 958 1006 solu
980 940 1052 1008 fuit.

258 1041 284 1088 5
303 1029 481 1122 Obstupui:
504 1057 570 1105 non
591 1039 649 1106 ille
671 1041 749 1108 mihi
771 1043 946 1110 formosior
967 1061 1121 1129 umquem

343 1138 442 1223 Visa,
464 1158 590 1227 neque,
612 1149 737 1214 ostrina
759 1164 832 1212 oum
852 1147 915 1214 luit
935 1149 968 1212 in
990 1150 1113 1230 tunice,

299 1237 377 1309 Ibat
398 1250 432 1311 et
453 1243 529 1312 hine
549 1254 666 1315 uastae
688 1256 856 1316 nomnium
878 1253 1005 1317 somnio
1024 1253 1165 1336 Vestae,

343 1346 418 1411 Neu
439 1348 505 1414 sibi
527 1367 614 1415 neve
635 1350 714 1416 mihi
736 1370 823 1437 quae
843 1355 992 1419 nocituro
1014 1353 1133 1439 forent,

301 1448 394 1518 Talis
417 1454 494 1519 visa
515 1454 594 1520 mihi
615 1474 729 1522 somno
754 1455 890 1522 dimissa
912 1459 1049 1524 recenti.

257 1567 285 1614 to
344 1554 420 1621 lleu
443 1566 596 1642 quantum
617 1578 677 1645 per
699 1577 739 1624 se
761 1559 903 1626 candidu
923 1561 1028 1626 formo
1047 1558 1155 1625 volet!

300 1654 402 1739 „Quo
425 1663 458 1724 tu
482 1662 687 1727 matutinus“
707 1664 755 1728 ait
775 1664 993 1749 „speculator
1014 1657 1169 1729 amicae?

343 1761 428 1843 „Me
450 1765 588 1831 similem
609 1770 735 1834 vestris
757 1767 900 1834 moribus
925 1786 1006 1835 esse
1027 1764 1152 1854 putus?

300 1865 405 1947 „Non
428 1885 491 1954 ego
514 1874 581 1935 tum
603 1871 727 1937 facilis:
749 1880 805 1938 sut
826 1874 889 1938 erit
909 1872 987 1938 mihi
1009 1873 1164 1961 cognitus
1185 1888 1284 1956 unus,

343 1969 428 2050 „Vel
450 1977 484 2036 tn
506 1973 561 2039 vel
585 1977 616 2038 si
639 1977 713 2059 quis
735 1977 847 2042 verior
868 1993 950 2041 esse
971 1981 1093 2061 potest.

258 2081 285 2129 ιι
302 2071 505 2156 „Appurent
525 2094 588 2142 non
609 2076 676 2143 ullo
696 2084 769 2145 toro
791 2081 940 2170 vestigia
961 2098 1092 2165 presso,

285 2260 289 2265 ἡ
342 2173 481 2263 „Signa
502 2178 700 2264 voluptatiS,
724 2184 955 2248 neo-iuouisse
977 2181 1071 2250 duos.

300 2277 471 2363 ,‚Aspice,
493 2287 530 2348 ut
551 2285 585 2348 in
607 2289 675 2351 toto
696 2285 805 2352 nullus
827 2285 906 2352 mihi
927 2303 1066 2371 corpore
1087 2293 1211 2378 surget

341 2378 534 2468 „Spiritum
554 2385 701 2456 admisso
722 2392 822 2455 notus
841 2389 1037 2456 adulterio.“

299 2480 413 2567 Dixit,
436 2491 470 2552 et
491 2490 642 2574 opposite
663 2491 849 2576 propellens
872 2495 970 2558 savia
992 2490 1112 2559 dextra

256 2595 285 2640 4⁰
345 2587 481 2657 Prosilit
501 2593 535 2656 in
556 2590 635 2657 laxa
656 2595 737 2659 nixa
757 2593 875 2679 pedem
898 2594 1000 2678 soleo.

210 2734 212 2739 -
241 2749 247 2757 .
300 2689 362 2760 Sin
384 2712 448 2785 ego
470 2701 536 2761 iam
558 2699 665 2763 sancti
687 2705 800 2765 custos
817 2697 969 2765 recludor
990 2699 1123 2766 amoris.

264 2795 968 2902 'fflfflffimffimm

324 3072 367 3124 21.
387 3067 416 3123 in
433 3073 502 3126 lecto
519 3073 555 3128 N.
572 3072 642 3144 Hi„
661 3091 711 3130 orn.
728 3077 766 3128 H.
794 3072 893 3127 direxit
911 3073 944 3129 G.
1013 3073 1057 3128 24.
1081 3075 1110 3126 et
1130 3089 1183 3127 om.
1203 3070 1275 3141 Hi„
1295 3069 1321 3124 ti

222 3139 400 3224 ‘N.1t.u.,
419 3162 446 3211 et
462 3162 500 3215 H.
557 3163 601 3213 26.
620 3175 670 3214 nee
687 3161 721 3213 G.
734 3161 773 3215 H.
792 3163 847 3211 tum
864 3173 890 3214 r.
908 3156 979 3224 fugit
995 3157 1030 3211 D.
1091 3161 1136 3211 27.
1153 3155 1228 3226 hino]
1245 3156 1321 3223 ino„

255 3240 318 3295 hino
335 3244 379 3312 D„
397 3243 459 3298 huie
480 3247 510 3298 7.
529 3253 602 3299 casta
619 3247 703 3314 o.1¹.,
721 3253 811 3298 ousiae
828 3245 963 3316 Foruli„
980 3249 1066 3298 eosne
1087 3245 1119 3301 Γ.
1139 3245 1265 3297 narrabat
1279 3243 1320 3308 n,

255 3329 400 3380 narrabant
417 3346 443 3384 r.
463 3335 536 3383 veste
554 3332 585 3388 Ρ.
605 3347 650 3399 u.‚
675 3337 766 3384 vestae
784 3332 861 3385 Peru.
879 3333 913 3383 D.
1000 3333 1044 3385 ²8.
1070 3329 1132 3384 Heu
1149 3344 1190 3397 4.,
1214 3331 1274 3383 Νοιι
1288 3327 1319 3380 l).

254 3418 298 3466 29.
317 3411 432 3468 demissa
449 3430 545 3468 omnes.
611 3419 654 3467 ol.
678 3416 757 3471 Quod
775 3421 809 3468 N.
822 3414 890 3483 Hb„
908 3416 984 3471 Quae
1002 3431 1043 3483 r.,
1061 3413 1132 3470 Quid
1151 3414 1281 3480 comsit,
1295 3411 1320 3462 ιἰι

255 3498 375 3564 murpioe
389 3499 479 3565 posuit
496 3499 557 3553 Quo
576 3499 623 3567 lt,
641 3497 713 3555 ouid
732 3517 776 3568 ru,
797 3502 856 3556 Quo
871 3505 908 3553 H.
933 3498 1019 3552 amieo
1035 3499 1069 3551 D.
1143 3501 1187 3551 34.
1207 3495 1260 3566 vel]
1277 3512 1319 3550 neo

254 3586 330 3637 ΡΜ.
344 3588 382 3642 Η.
394 3585 434 3640 Μ.
452 3586 475 3637 si
494 3585 632 3652 quisquam
644 3589 689 3652 it,
705 3587 733 3638 tn
747 3588 863 3653 morpiue
882 3587 1005 3654 scripsit:
1023 3587 1064 3638 vel
1081 3583 1104 3638 sl
1122 3585 1194 3654 quis,
1212 3585 1257 3638 sed
1272 3598 1318 3636 uos

255 3671 347 3724 deleuit
364 3674 499 3739 Neptunus
517 3672 596 3724 nerto
614 3671 645 3728 P.
722 3674 765 3727 ³⁵.
787 3687 878 3739 pressu
896 3674 931 3725 n.
949 3672 984 3730 D.
1065 3677 1108 3725 36.
1128 3670 1269 3724 voluntatis
1284 3671 1317 3722 N.

253 3773 297 3826 pr.
315 3776 349 3814 m.
368 3759 420 3812 Hb.
441 3775 494 3812 non
513 3775 537 3814 r.
555 3774 596 3827 ru,
614 3774 662 3810 neo
680 3758 756 3811 Peru.
773 3760 807 3808 H.
824 3758 864 3808 Μ.
933 3761 977 3811 37.
994 3757 1081 3822 surgit
1097 3758 1133 3808 Π.
1202 3759 1245 3809 39.
1261 3767 1318 3806 suu·

254 3841 297 3897 via
317 3845 349 3899 G.
362 3846 397 3897 n.
412 3845 445 3898 A.
464 3842 573 3912 dextre]
591 3850 684 3896 nostra
700 3847 736 3899 N.
749 3841 801 3894 lit.
814 3845 850 3898 11.
869 3844 899 3895 V.
915 3858 941 3900 r.
1009 3845 1053 3896 to.
1071 3843 1132 3893 laxe
1150 3843 1185 3892 it.
1201 3857 1240 3907 ru,
1258 3850 1317 3890 saxa

253 3935 289 3983 N.
302 3928 353 3986 Hb.
364 3931 397 3986 D.
408 3934 443 3986 Η.
458 3931 488 3984 V.
499 3933 548 3999 M„
568 3945 643 3983 saura
660 3930 703 3984 G..
763 3935 806 3981 41.
823 3928 877 3980 Hic
895 3930 930 3981 H.
950 3928 1059 3980 custode
1071 3927 1108 3980 N.
1121 3941 1147 3976 u.
1160 3939 1203 3991 pr.
1215 3940 1249 3975 ru.
1258 3919 1316 3987 Nl,

251 4023 341 4070 eustos
359 4034 382 4070 s.
401 4032 436 4068 m.
454 4017 521 4083 Hb„
540 4033 566 4069 o.
584 4009 606 4068 e}
626 4017 719 4083 Peru,
739 4015 856 4068 custodis
874 4016 910 4072 rt.
932 4014 1039 4068 reludor
1057 4014 1109 4080 N.,
1130 4010 1242 4063 reiector
1257 4023 1279 4062 o.
1294 4021 1314 4058 o.

252 4103 340 4170 Peru,
358 4107 447 4156 rector
460 4103 496 4158 R.
515 4101 624 4154 custode
640 4101 779 4168 recludor,
802 4106 891 4154 custos
910 4099 1024 4152 reieetor
1039 4100 1068 4150 ιἰι
1084 4097 1201 4163 marpine
1216 4090 1315 4160 scripsit

250 4205 304 4243 uun
320 4190 407 4244 &leto
422 4189 487 4258 Nep.
506 4187 643 4256 scripturo
659 4187 692 4244 P.
760 4188 806 4240 42.
823 4183 890 4256 ιιοιι]
908 4201 962 4240 uon
978 4189 1016 4240 N.
1032 4182 1085 4242 tit.
1103 4183 1137 4236 D.
1160 4182 1191 4239 V.
1206 4181 1245 4236 Μ.
1260 4193 1283 4232 r·
