2822 4976
208 393 252 457 50
486 382 700 456 PROPER'lll
719 383 782 449 al.
801 382 846 461 11,
871 381 921 449 13.
944 381 994 448 14.

260 559 332 630 Sed
354 561 477 627 frustra
497 565 605 627 mutos
626 557 805 623 revocabis
811 603 823 639 ‚
844 553 1007 642 Cynthia,
1027 555 1163 620 Manes:

298 664 383 732 Nam
405 658 576 747 neuquid
600 662 752 748 poterunt
771 674 853 724 ossa
873 658 997 724 minuta
1017 651 1131 743 loqui?

698 871 793 948 XIV.

259 1015 347 1103 Non
366 1035 415 1100 ita
432 1031 602 1100 Dardanio
623 1031 767 1119 gavisus
788 1026 909 1095 Atrida
930 1026 1092 1114 triumpho
1115 1034 1177 1112 est,

302 1134 384 1202 Cum
406 1134 565 1201 caderent
587 1150 729 1223 magnae
749 1131 987 1197 Laomedontis
1010 1149 1103 1218 opes,

261 1239 334 1305 Nec
354 1241 404 1304 sic
425 1255 537 1304 errore
560 1243 679 1302 exacto
702 1235 848 1300 laetatus
867 1234 997 1316 Ulixes,

191 1383 194 1386 -
304 1339 385 1421 Cum
405 1343 516 1430 tetigit
539 1357 639 1406 carae
660 1339 759 1403 litora
780 1336 968 1420 Dulichiae,

230 1446 334 1511 onice
356 1446 406 1512 sic
427 1443 582 1526 Electren,
604 1442 734 1508 salvum
753 1459 825 1506 cum
848 1443 982 1528 aspexit
1005 1438 1160 1522 Oresten,

305 1544 408 1612 Cuius
427 1546 515 1610 false
538 1551 657 1610 tenens
678 1545 820 1609 fleverat
841 1560 921 1608 ossa
940 1562 1046 1626 soror,

260 1650 335 1714 Nec
355 1650 406 1712 sic
426 1647 617 1713 incolumem
635 1645 759 1712 Minois
778 1643 913 1710 Thesea
934 1644 1030 1726 vidit,

233 1745 1001 1829 'mmmmmffim

264 1850 395 1934 Quanta
416 1869 480 1938 ego
503 1851 684 1936 praeterita
706 1849 826 1937 collegi
847 1848 973 1936 gaudia
993 1854 1107 1916 nocte:

107 1952 111 1960 '
221 1969 248 2014 ro
305 1952 492 2018 lnmortalis
515 1971 589 2035 ero,
609 1954 640 2018 si
662 1952 770 2018 altera
789 1952 866 2018 talis
890 1955 963 2020 erit.

264 2054 311 2121 At
332 2053 408 2120 dum
429 2054 586 2120 demissis
608 2055 749 2141 supplex
772 2057 959 2123 cervicibus
979 2056 1079 2136 ibam,

305 2157 452 2224 Dicebat
472 2160 561 2225 sicco
582 2158 681 2225 vilior
704 2175 784 2224 esse
804 2158 890 2223 lacu.

264 2261 338 2326 Neo
358 2260 436 2326 mihi
457 2263 523 2326 iam
544 2260 654 2327 fastus
678 2278 843 2346 opponere
864 2261 992 2345 quaerit
1014 2260 1155 2344 iniquos,

306 2365 379 2431 Nec
400 2364 478 2431 mihi
499 2366 639 2451 ploranti
661 2364 753 2431 lenta
774 2364 896 2432 sedere
916 2370 1035 2450 potest.

171 2479 173 2481 ’
221 2476 248 2522 1⁵
266 2465 378 2552 Atque
399 2472 522 2535 utinam
543 2473 609 2537 nort
630 2476 697 2536 tam
717 2487 794 2536 sero
815 2469 894 2535 mihi
915 2476 996 2535 nota
1017 2469 1139 2536 fuisset

309 2567 476 2637 conditio!
498 2574 601 2638 cineri
622 2591 709 2639 nunc
727 2572 891 2638 medicina
911 2572 1018 2638 datur.

265 2665 355 2735 Ante
376 2670 482 2757 pedes
504 2675 616 2740 caecis
637 2672 770 2742 lucebat
790 2677 911 2740 semita
931 2674 1044 2739 nobis:

310 2771 448 2843 Scilicet
468 2780 588 2846 insano
610 2798 705 2847 nemo
726 2781 761 2847 in
785 2798 896 2847 amore
916 2779 1020 2847 videt.

267 2875 341 2946 lloc
361 2882 455 2946 sensi
474 2882 638 2968 prodesse
659 2885 784 2973 magis:
808 2885 1022 2967 contemnite,
1044 2888 1210 2954 amantes:

224 2991 251 3036 w
310 2977 371 3048 Sic
390 2981 492 3050 hodie
512 2987 642 3069 veniet,
664 2988 696 3052 si
718 3003 783 3072 qua
804 2989 944 3075 negavit
965 2985 1047 3053 heri.

267 3081 451 3156 Pulsabant
471 3087 529 3154 alii
548 3089 675 3157 frustra
697 3087 924 3177 dominamque
946 3091 1127 3165 vocabant:

309 3186 440 3262 Mecum
461 3189 578 3260 nonme
596 3195 738 3280 positum
758 3195 849 3260 lenta
869 3194 979 3279 puella
1001 3197 1110 3279 caput

269 3286 366 3356 lieno
386 3291 464 3358 milri
486 3293 628 3363 devictis
651 3298 759 3384 potior
778 3297 919 3364 victoria
939 3295 1085 3379 Parthis,

313 3391 409 3461 Haec
430 3398 556 3484 spolia,
577 3398 662 3468 haec
681 3418 801 3490 reges,
821 3398 906 3467 haec
927 3399 1006 3468 mihi
1028 3416 1146 3467 currus
1168 3403 1279 3467 erunt.

295 3628 339 3684 ³8.
355 3628 402 3698 qni
418 3631 507 3686 Nol).
526 3632 609 3688 minat
626 3635 699 3704 loqui
716 3653 758 3706 pr.
775 3653 810 3690 m.
826 3635 881 3691 Hb.

298 3733 371 3798 xlv.
381 3742 523 3810 municio
537 3747 674 3815 inscriptio
687 3764 713 3800 a.
725 3749 802 3803 Perr.
831 3755 856 3804 1.
868 3751 910 3800 est
921 3764 971 3800 ooo.
980 3747 1016 3800 R.
1067 3749 1095 3803 2.
1104 3759 1202 3810 magno
1213 3761 1257 3812 pr.
1266 3763 1301 3803 m.

229 3824 423 3880 laoomedontis
449 3833 496 3899 (A,
523 3833 701 3887 laomedontis
723 3833 777 3891 Hir.
796 3840 833 3890 H.
852 3835 886 3887 Υ.
907 3837 952 3888 Μ.
1038 3835 1064 3888 3.
1088 3833 1190 3896 ulysses
1211 3835 1246 3886 R.
1266 3835 1298 3887 A.

228 3910 255 3963 5.
274 3909 336 3963 Non
354 3916 452 3968 electra
472 3921 519 3988 G„
543 3921 600 3973 Neo
618 3921 657 3973 sio
674 3925 772 3974 electra
789 3937 833 3992 a,
857 3923 955 3974 electra
971 3936 996 3972 o.
1012 3935 1034 3975 c.
1053 3919 1130 3972 Perr.
1151 3934 1229 3971 snum
1245 3923 1301 3972 sal·
1404 3971 1405 3976 ,

229 4001 343 4066 vomfi.
361 4015 405 4068 ca,
423 4019 500 4057 auum
520 4009 616 4060 omittit
633 4011 667 4065 D.
686 4023 745 4060 cum
764 4025 814 4064 om.
833 4013 870 4062 ΙΙ.
893 4010 924 4064 V.
947 4003 1086 4074 conspexit
1103 4011 1156 4073 11„
1183 4006 1249 4072 vidit
1267 4009 1297 4062 G.

228 4087 342 4137 orestem
359 4102 399 4154 a,
420 4087 555 4145 horestem
571 4091 625 4149 Hi.
699 4098 726 4148 7.
745 4094 807 4146 Non
828 4095 859 4146 V.
934 4096 961 4149 8.
978 4093 1140 4144 Daedaleam
1160 4110 1205 4161 aa,
1227 4093 1299 4144 Doe-

228 4167 327 4220 dalium
343 4177 380 4227 Η.
400 4173 447 4241 V.²
466 4175 607 4229 Dedalium
623 4179 656 4234 N.
727 4178 857 4243 11.Aut,
875 4177 921 4229 sed
938 4175 1028 4232 odrae.
1046 4175 1118 4246 ulN.
1137 4175 1250 4228 dimissis
1265 4175 1297 4225 G.

231 4257 271 4308 16.
286 4253 407 4330 'condito
424 4257 470 4324 N„
489 4258 618 4313 Condicio
635 4278 660 4316 r.
675 4263 709 4315 G.
779 4265 821 4312 17.
840 4260 915 4313 robis
932 4261 964 4311 V.
1033 4262 1075 4311 19.
1094 4257 1244 4311 contemnite
1255 4258 1296 4322 6.,

230 4339 409 4408 contempnite
425 4342 462 4394 Ν.
529 4347 573 4398 20.
592 4343 622 4397 Si
640 4360 693 4413 qna
711 4341 792 4398 hodie
808 4344 842 4398 D.
861 4342 934 4399 venit
950 4358 975 4396 r.
1045 4341 1089 4394 24.
1107 4344 1183 4407 teges
1199 4342 1233 4394 D.
