2762 4972
242 346 295 430 80
558 360 751 419 Quaestionum
771 358 854 414 Liber
870 357 1011 413 secandas.

242 536 363 622 quidem
381 537 482 601 omnia
501 535 595 618 plana
609 532 747 600 aidenmr
770 541 799 598 et
819 531 933 596 facilia.
977 529 1038 595 Sed
1060 530 1184 594 maxima
1201 529 1306 614 disqui-

243 626 360 689 sitionis
380 622 538 688 difficultas
558 624 626 686 lniuc
648 622 789 695 nascitur,
807 617 888 700 quod
909 619 1063 680 remissior
1083 619 1227 680 interdum
1248 622 1305 681 ani-

242 729 307 774 mas
334 711 435 773 nescio
465 727 552 788 qnam
582 708 703 770 sobriae
732 706 794 768 litis
824 706 924 786 potius
954 715 984 769 et
1012 705 1156 766 sermonis
1184 709 1306 784 speciem

242 797 312 860 huic
338 797 496 858 carminum
524 794 630 872 generi
657 792 774 856 ridetur
798 793 955 872 praehere.
997 790 1074 853 Nam
1097 808 1160 852 cnm
1182 793 1230 854 uix
1251 794 1306 855 orti

243 881 368 946 necdum
396 869 492 943 adulti
519 881 640 944 allectus
668 880 793 959 primum
821 887 989 950 moventur,
1017 886 1074 938 tum
1103 878 1169 957 ipsa
1196 877 1306 939 domina

242 970 349 1032 utentis
378 968 477 1030 ratic
506 966 544 1028 ab
566 976 692 1046 utraque
714 973 801 1045 parte
823 964 935 1027 anxilio
956 963 1059 1023 uocari
1081 973 1110 1026 nt
1131 973 1304 1041 argumenta,

243 1072 319 1136 quae
340 1053 477 1115 alterutri
497 1053 624 1126 faueant,
645 1051 713 1113 hinc
734 1059 763 1112 et
782 1049 866 1110 illinc
886 1045 1047 1130 ponderari
1069 1058 1098 1109 et
1117 1049 1240 1129 expendi
1260 1067 1305 1112 sa-

240 1141 315 1204 lcut.
370 1138 456 1216 Quod
484 1155 577 1216 genus
602 1169 644 1180 -
667 1135 892 1198 deliberativum
920 1131 1000 1196 recte
1031 1133 1112 1196 dicas
1142 1165 1183 1176 —-
1211 1154 1305 1216 quam·

241 1224 391 1306 tis'apud
417 1234 549 1286 nostrum
576 1223 661 1284 initio
682 1223 730 1286 ΕΙ.
753 1220 798 1297 ΙΙ,
821 1224 871 1284 18.
894 1228 924 1283 et
945 1219 1002 1295 ΙΙΙ,
1026 1225 1075 1284 16.
1098 1221 1227 1283 iuvenire
1253 1222 1302 1284 tibi

241 1311 383 1386 ridearis,
402 1318 498 1372 tamen
516 1311 653 1390 quoniam
674 1317 703 1370 st
724 1325 820 1371 sermo
841 1307 1013 1370 mortalibus
1033 1307 1063 1367 iu
1084 1318 1210 1370 mutuum
1231 1325 1304 1369 ccm-

240 1399 382 1460 meroium
413 1406 457 1459 est
485 1413 658 1469 concessus,
686 1403 716 1456 et
742 1387 870 1475 plurima
897 1402 986 1474 atquc
1005 1394 1189 1474 =grauissima
1214 1403 1304 1457 certa-

239 1485 321 1545 mina
341 1483 451 1545 homini
474 1500 511 1544 ex
532 1481 698 1544 huminibus
721 1482 870 1554 criuntur,
892 1496 946 1541 uec
968 1479 1090 1556 ingenui
1119 1480 1173 1542 uiri
1196 1481 1302 1540 animus

238 1570 329 1633 rebus
362 1567 495 1630 adversis
529 1569 576 1630 uel
609 1565 744 1628 secundis
775 1575 886 1626 tanturm
915 1575 1046 1626 mouetur
1077 1574 1106 1627 et
1136 1566 1303 1645 percutitur,

242 1665 382 1736 quamam
397 1656 522 1717 alionum
540 1654 686 1716 homiuum
709 1651 813 1714 studiis
833 1661 861 1713 ct
882 1651 935 1712 iris
957 1659 985 1713 et
1002 1650 1079 1712 odiis
1096 1661 1125 1714 et
1145 1652 1303 1715 amoribus:

239 1752 274 1805 ut
297 1759 360 1802 cum
382 1742 429 1802 his
457 1741 571 1819 potius,
600 1756 686 1818 qnam
716 1755 781 1799 cum
808 1755 907 1798 rerum
930 1746 1036 1799 uatuura
1064 1745 1155 1817 poeta
1182 1738 1304 1800 luctetur

239 1838 331 1908 utque
352 1825 505 1887 oum'aliis
528 1824 662 1906 saepius,
684 1841 769 1902 quam
790 1824 853 1904 ipse
874 1839 971 1884 secum
993 1823 1099 1886 tacitus
1121 1826 1152 1886 iu
1171 1825 1302 1894 carmini·

238 1914 295 1975 laus
327 1922 416 1990 agat,
449 1914 619 1973 necessario
652 1911 794 1990 sequitur.
844 1909 919 1970 Hinc
949 1918 1071 1990 praeter
1104 1929 1140 1972 ea
1169 1912 1302 1984 carmina,

238 1997 317 2078 quae
337 1999 368 2059 iu
390 1998 482 2077 epicis
501 1997 679 2076 argumentis
699 2003 862 2067 versantur,
881 2013 977 2076 paene
995 1996 1094 2064 omnia
1115 1997 1302 2078 epistolae

235 2085 362 2146 formam
385 2083 555 2157 induuerunt,
584 2100 620 2145 ac
649 2099 686 2143 ne
708 2091 767 2144 tum
790 2080 923 2161 quidem,
951 2098 1016 2144 cum
1039 2082 1122 2143 solus
1149 2082 1300 2146 lamentari

237 2188 271 2232 se
299 2169 400 2243 lingit,
427 2170 570 2242 abstinet,
596 2168 665 2250 quin
694 2176 745 2229 aut
767 2165 918 2246 Cynthium
946 2176 1094 2249 tamquam
1122 2177 1302 2248 praesentem

237 2255 296 2318 sihi
324 2255 479 2318 obuersari
506 2254 569 2335 (ΕΙ.
596 2256 627 2329 Ι,
660 2258 708 2317 ΙΙ.
741 2255 823 2327 18.),
859 2271 951 2332 seque
983 2254 1065 2316 illam
1098 2255 1213 2336 alloqui
1241 2255 1302 2334 (ΙΙ,
1374 2275 1375 2278 ’

235 2345 368 2404 2-12.
391 2343 446 2416 18,
464 2344 594 2403 4-24.
619 2345 668 2403 31.
693 2340 759 2420 32.)
782 2337 912 2414 simulet,
934 2349 986 2402 aut
1006 2341 1036 2401 in
1058 2341 1221 2421 naufragio
1242 2358 1302 2404 cum

234 2426 293 2488 diis
316 2428 436 2488 marinis
460 2427 589 2506 (1225.
608 2425 646 2487 ad
668 2425 744 2502 fin),
765 2426 796 2486 iu
820 2425 958 2487 siluarum
981 2425 1144 2490 solitudine
1166 2445 1229 2490 cum
1245 2428 1302 2490 Ha-

233 2513 443 2593 madryadlllus
478 2521 507 2574 et
540 2511 706 2574 Oreadibus
741 2511 813 2588 (18,
842 2516 872 2572 2.
902 2517 952 2575 20.
981 2513 1046 2590 27.)
1082 2515 1300 2576 sermocinetur.

233 2599 297 2663 Sed
329 2608 360 2660 nt
391 2616 426 2659 ec
456 2607 607 2661 reuertar:
643 2596 940 2660 controuersiae
975 2599 1059 2679 quassi
1092 2601 1243 2662 cniuusclam
1274 2606 1301 2660 et

232 2702 331 2766 paene
352 2684 502 2747 iudicialis
522 2700 631 2748 causae
651 2685 779 2763 speciem
801 2683 921 2745 trahere
941 2701 1048 2764 poema
1069 2685 1201 2760 uidetur,
1222 2687 1247 2747 si
1267 2687 1302 2759 is,

234 2773 284 2832 cui
320 2771 466 2852 epistolae
499 2771 595 2832 instar
626 2771 797 2850 inscriptum
831 2778 891 2843 est,
923 2771 1114 2849 pugnantium
1150 2771 1301 2834 allectuum

230 2858 370 2920 alterutri
402 2859 486 2940 quiesi
520 2866 688 2937 patronumx
706 2865 735 2918 et
763 2855 937 2918 aduocatum
966 2875 999 2918 se
1032 2858 1141 2932 iactat,
1175 2867 1208 2931 ut
1238 2874 1299 2918 aum

229 2942 279 3006 ΕΙ.
299 2946 328 3019 Ι,
351 2947 380 3006 6.
409 2944 609 3007 amicitiae
632 2943 732 3004 cilicia
753 2958 816 3002 cum
845 2958 973 3004 amore
997 2941 1139 3022 Cynthiae
1162 2944 1302 3007 certantia

228 3029 405 3112 Propertius
434 3030 521 3104 lacit,
554 3028 633 3108 apud
656 3027 806 3089 Tullum
836 3044 868 3088 se
896 3045 1039 3090 excusare
1065 3029 1202 3110 aliusque
1229 3031 1301 3094 uitu-

229 3117 317 3198 peria
334 3115 445 3178 blanda
465 3114 642 3192 garudicrum
662 3131 781 3175 suorum
799 3120 829 3174 st
848 3111 983 3175 dolorum
998 3114 1197 3196 descriptione
1218 3135 1301 3179 auer-

229 3211 295 3264 tere
316 3201 424 3265 studet.
469 3201 525 3263 Gui
545 3208 718 3276 argumento
738 3197 797 3260 n'cu
816 3195 967 3260 dissimilis
987 3203 1065 3263 ratio
1085 3211 1129 3264 est
1143 3202 1190 3265 ΕΙ.
1205 3202 1255 3277 ΙΙΙ,
1268 3206 1298 3265 9.

230 3296 260 3350 et
287 3285 330 3363 ll,
354 3293 399 3362 l.,
428 3286 478 3347 urbi
506 3296 622 3349 tenorem
655 3303 738 3346 suam
758 3285 876 3346 Musam
906 3304 925 3347 a
951 3296 1118 3366 contemptu
1148 3288 1298 3352 vindicans

227 3374 414 3438 Maecenatis
448 3374 530 3435 iussa
566 3371 732 3434 humaniter
762 3369 949 3450 deprecatur.
999 3372 1053 3434 llis
1083 3372 1161 3436 addc
1189 3375 1237 3438 ΕΙ.
1263 3372 1299 3449 ΙΙ,

229 3463 281 3522 22.
307 3464 357 3522 23.
382 3463 437 3533 24,
462 3461 587 3521 1-16.
610 3457 670 3532 ΙΙΙ,
695 3461 762 3532 ΙΙ.,
791 3457 896 3538 quibus
927 3459 1061 3520 omnibus
1090 3477 1163 3522 snae
1192 3476 1298 3523 causae

229 3543 415 3608 defensorem
437 3561 529 3624 agere
552 3562 616 3606 snm
637 3544 758 3605 dixeris.
802 3543 906 3622 Neque
925 3544 969 3607 ita
988 3543 1106 3608 diuersa
1122 3545 1170 3608 ΕΙ.
1183 3547 1221 3622 ΙΙ,
1239 3551 1299 3621 20,

227 3633 378 3714 qinamuis,
405 3632 543 3712 quonlam
571 3647 629 3692 acu
655 3629 691 3691 dc
717 3631 783 3691 iure
812 3629 864 3690 sed
893 3628 930 3692 de
953 3647 985 3692 rc
1009 3632 1179 3710 quaeritur,
1207 3641 1297 3695 status

227 3733 336 3780 canisae
366 3717 442 3780 alius
477 3727 531 3779 est.
587 3716 668 3778 Idem
698 3733 791 3794 genus
821 3723 904 3778 extat
930 3715 977 3778 El.
1000 3717 1042 3791 ΙΙ,
1070 3721 1121 3780 21.
1152 3717 1206 3780 sed
1235 3735 1297 3780 cum

225 3805 416 3865 accusatione
433 3803 567 3880 mixtnm3
588 3820 697 3864 meram
712 3811 807 3864 autem
823 3802 1041 3864 accusationem
1054 3804 1194 3866 labemus
1208 3805 1233 3881 1,
1248 3804 1296 3868 15.

224 3888 430 3967 11,al.init.

326 3975 403 4038 lluio
423 3975 533 4038 rationi
557 3975 688 4055 quamuis
710 3975 810 4056 specie
828 3972 914 4036 ualde
936 3973 1050 4050 similis,
1071 3982 1178 4037 natura
1200 3984 1296 4038 tamen
1327 3994 1330 4012 ·

223 4057 344 4123 diuersa
370 4062 467 4124 altera
496 4071 554 4136 est,
586 4079 650 4122 curm
678 4057 786 4142 poeta,
821 4077 898 4140 quac
929 4061 987 4122 sibi
1019 4061 1049 4122 in
1077 4061 1138 4124 alia
1166 4076 1297 4141 persona

221 4146 416 4228 displiceant,
440 4148 488 4211 rel
510 4147 741 4223 incommodent,
770 4146 818 4210 rel
846 4145 982 4227 pericula
1009 4157 1098 4228 atque
1127 4145 1204 4209 adea
1228 4162 1298 4227 pcr-

218 4233 327 4296 u'iciem
355 4235 540 4309 minitentur,
568 4234 770 4314 persuadendi
797 4233 932 4295 artificiis
961 4242 1157 4296 auerteremt
1177 4233 1297 4297 uincere

216 4320 324 4384 studet.
373 4320 483 4386 Forma
513 4320 607 4400 eninr,
637 4329 670 4384 ut
696 4322 729 4384 in
757 4319 932 4401 superiore,
960 4321 1096 4383 oratoria
1125 4327 1171 4384 est
1204 4333 1299 4399 caque
