2822 4976
413 357 709 434 rnoennunnn.
732 363 778 442 11.
804 363 854 434 13.
1129 383 1173 446 49

144 525 298 612 Deinde,
320 523 384 594 ubi
397 528 590 614 suppositus
611 530 754 597 cinerem
775 549 828 598 me
848 533 966 604 fecerit
986 537 1096 624 ardor,

181 632 343 717 Accipiat
362 631 480 709 Manes
501 631 640 717 parvula
660 640 751 699 testa
771 652 876 718 meos,

144 734 193 817 Et
215 737 316 800 sitin
338 736 461 825 exiguo
483 734 596 799 laurus
618 737 832 821 superaddita
856 743 965 826 busto,

190 836 285 920 Quae
309 842 406 924 tegat
428 837 566 903 extincti
588 837 713 903 funeris
736 841 851 906 umbra
871 843 988 910 locum.

95 960 124 1004 ss
146 941 193 1010 Et
214 941 277 1007 duo
300 943 367 1007 sint
386 959 523 1006 versus:
544 938 747 1024 „Qui'nunc
768 945 856 1010 iacet
876 943 1010 1014 horrida
1030 947 1153 1036 puluis,
1243 1005 1246 1009 .
1317 987 1324 1014 ι.

186 1047 293 1114 Unius
317 1043 372 1112 hic
394 1043 556 1130 quondam
579 1062 701 1110 servus
724 1045 856 1112 Amoris
879 1051 983 1114 crat.“
1006 1125 1007 1129 Ἰ

144 1151 218 1216 Nec
240 1151 346 1215 minus
367 1145 576 1214 haec-nostri
599 1153 750 1214 notescet
771 1147 861 1214 lama
881 1149 1037 1238 sepulcri,

187 1250 293 1334 Quam
313 1251 445 1316 fuerant
466 1248 577 1315 Phthii
600 1251 698 1315 busta
719 1258 855 1316 cruenta
876 1255 950 1318 viri.

144 1357 195 1424 Tu
218 1373 347 1441 quoque
368 1355 398 1419 si
421 1352 552 1439 quando
575 1353 693 1419 venies
716 1352 758 1418 ad
781 1353 853 1422 lata
874 1359 1053 1437 [memento

97 1473 128 1519 ro
189 1457 263 1523 Hoc
284 1457 383 1536 iter),
405 1453 448 1520 ad
469 1452 601 1539 lapides
625 1471 709 1519 cona
731 1457 809 1520 veni
829 1473 1002 1526 memores.

143 1557 277 1624 Interea
296 1573 381 1622 cave
402 1559 451 1622 sis
475 1575 537 1621 nos
560 1562 741 1641 aspernata
762 1557 926 1643 sepultos:

146 1705 149 1714 «
186 1659 363 1728 Nonnihil
385 1658 429 1725 od
451 1678 566 1726 verum
589 1662 725 1728 conseia
747 1667 838 1727 terro
860 1665 959 1750 sapit.

502 1812 523 1858 a
625 1852 647 1900 α
750 1815 772 1861 R

145 1963 275 2066 Atque
297 1979 420 2044 utinum
441 1980 554 2064 primis
577 1981 716 2046 animam
737 1995 792 2046 me
813 1998 936 2067 ponere
957 1985 1052 2051 cunis

188 2083 352 2162 iussisset
373 2084 513 2168 quaevis
535 2081 578 2148 de
599 2085 705 2150 tribus
728 2101 794 2150 una
815 2089 924 2151 soror!

100 2202 129 2248 rs
145 2189 232 2255 Nam
254 2191 404 2272 quotam
427 2181 547 2252 dubiae
569 2191 724 2252 servetur
745 2187 882 2272 spiritus
905 2173 1035 2258 horae?

188 2291 344 2356 Nestoris
366 2295 421 2356 cst
440 2291 536 2355 visus
558 2296 635 2374 post
655 2291 719 2355 tria
741 2289 855 2356 saecla
877 2287 972 2360 cinis.

146 2391 209 2462 Cui
230 2399 296 2458 tam
317 2392 505 2480 longaevae
526 2395 699 2458 minuisset
720 2393 791 2459 fata
813 2401 973 2462 senectae

139 2550 141 2553 ,
188 2493 336 2560 Gallicus
358 2493 471 2559 iliacis
492 2494 587 2560 miles
611 2495 645 2560 in
666 2494 864 2582 aggeribus!

146 2599 221 2665 Non
243 2597 298 2663 ille
318 2595 484 2663 Antilochi
505 2595 655 2663 vidisset»
671 2614 789 2681 corpus
812 2595 950 2681 humari,

105 2717 133 2761 co
191 2703 330 2769 Diceret
351 2707 423 2766 aut:
443 2698 503 2784 „0
525 2719 631 2784 mors,
653 2717 711 2785 cur
732 2698 812 2766 mihi
833 2717 911 2765 sora
933 2697 1085 2768 venis2“

147 2811 198 2878 Tu
220 2816 331 2875 tamen
353 2809 477 2873 amisso
498 2825 563 2872 non
585 2823 758 2890 numquam
780 2804 875 2869 flebis
897 2806 1017 2870 amico:

190 2915 260 2979 Fas
283 2919 337 2977 cst
358 2914 557 2997 praeteritos
580 2927 712 2996 semper
735 2927 847 2975 amare
869 2913 972 2978 viros,
1067 2967 1072 2978 .

148 3019 282 3099 Testis,
304 3018 357 3081 cui
377 3017 508 3081 niveum
533 3013 694 3100 quondam
715 3001 883 3100 percussit
902 3001 1044 3083 Adonim

156 3146 159 3153 ·
189 3121 372 3186 venantem
393 3117 497 3184 ldalio
518 3107 646 3182 vertice
668 3115 891 3202 durusaper:
991 3146 993 3150 ’
1047 3101 1051 3117 ’

99 3236 112 3281 ⁶
150 3223 223 3292 Illis
244 3225 420 3289 formosum
439 3222 587 3288 iacuisse
608 3218 801 3315 paludibus,
823 3220 900 3310 illuc

189 3327 325 3394 Diceris
348 3329 455 3396 effusa
476 3331 513 3394 tu
532 3326 647 3394 Venus
668 3327 742 3392 issc
765 3342 869 3394 coma.

173 3567 216 3618 31.
234 3560 293 3631 ubi]
312 3565 339 3614 et
350 3559 404 3616 le.
423 3561 525 3616 cineres
540 3565 573 3617 G.
629 3567 672 3620 33.
690 3560 780 3616 abdita
791 3558 846 3617 Hd.
897 3560 940 3616 34.
960 3555 1028 3622 tegit
1044 3572 1087 3625 pr.
1097 3571 1132 3611 ru.
1144 3556 1180 3614 Ν.

104 3652 148 3704 35.
166 3649 241 3701 arida
257 3663 282 3704 o.
301 3663 324 3702 c.
344 3649 374 3700 Ρ.
395 3664 439 3715 u.‚
464 3647 572 3702 horrida
589 3651 623 3706 D.
636 3655 672 3703 H.
683 3651 728 3706 M.
796 3652 839 3704 36.
856 3645 943 3700 Huius
960 3641 1034 3710 aa..
1049 3640 1124 3694 Unus
1141 3643 1180 3695 N.

104 3735 156 3788 hac
172 3733 285 3786 cenulam
296 3735 340 3791 Μ.
407 3738 451 3788 37.
468 3733 530 3785 Non
542 3739 579 3786 H.
596 3735 627 3786 V.
642 3749 686 3800 pr.
697 3751 731 3788 m.
741 3732 804 3800 Hb..
822 3750 845 3788 e.
857 3749 891 3787 m.
909 3731 978 3783 Hoc.
996 3728 1047 3782 hoc
1063 3726 1132 3780 tristi
1147 3728 1181 3783 (i.

104 3823 227 3874 notescat
249 3822 286 3872 H.
372 3821 415 3874 38.
439 3817 505 3885 pytii
526 3817 595 3886 Hic,
623 3819 708 3884 pythii
733 3821 785 3884 N..
812 3816 921 3886 ph..tli
948 3817 996 3882 G..
1025 3813 1121 3879 scythii
1143 3817 1181 3868 H.

105 3928 149 3977 39.
169 3921 248 3978 laeta.
315 3921 361 3973 41.
379 3919 402 3972 si
422 3923 456 3974 G.
522 3921 565 3974 43.
583 3895 654 3990 ουῗίε
671 3921 718 3985 N..
735 3918 806 3972 curie
823 3923 868 3972 M.
930 3919 973 3970 44.
992 3911 1182 3982 quamvis'no.

105 4009 148 4061 43.
166 4010 286 4058 servatur
300 4005 334 4055 P.
404 4006 449 4060 46.
468 4001 531 4071 tria]
551 4008 599 4054 tua
615 4007 659 4057 M.
677 4003 761 4068 secla]
780 4003 834 4053 tela
850 4017 894 4068 pr.
906 4017 941 4052 m.
953 4000 989 4052 N.
1053 3999 1097 4048 41.
1113 3993 1181 4050 ouis

107 4092 181 4144 codd.
201 4107 263 4144 mos.
282 4105 386 4156 ommes,
412 4089 443 4142 Si
462 4104 487 4145 u.
572 4090 615 4144 48.
640 4087 733 4140 Gallus
753 4087 783 4139 in
798 4092 837 4140 H.
861 4085 955 4138 illiacis
972 4099 997 4137 r.
1023 4082 1109 4134 milles
1126 4077 1181 4132 Hb.

106 4181 150 4234 49.
175 4177 221 4228 illo
247 4191 298 4228 om.
326 4177 359 4228 G.
387 4171 532 4228 anthiloclri
554 4171 609 4230 Hb.
635 4171 736 4224 humati
762 4188 805 4240 r.,
837 4169 940 4224 humari
961 4171 996 4226 D.
1018 4173 1055 4222 H.
1083 4167 1113 4218 V.
1135 4165 1182 4220 M.

107 4266 150 4318 53.
168 4261 216 4330 qui
237 4261 298 4314 Μή
317 4277 413 4313 omues.
439 4260 563 4313 iuuenem
580 4263 617 4312 H.
647 4259 761 4310 adonem
781 4259 862 4314 (RN.
875 4273 899 4311 r.
913 4258 1011 4324 D.M.‚
1029 4248 1143 4307 Adonim
1155 4264 1182 4304 o.

108 4351 151 4402 55.
168 4346 274 4402 flevisse
289 4363 332 4413 a..
350 4344 465 4400 iacuisse
483 4347 517 4400 D.
536 4359 561 4402 o.
578 4360 601 4401 c.
619 4345 696 4398 Parc.
765 4397 768 4401 ,
1206 4341 1207 4345 ’

152 4445 190 4508 II.
953 4437 977 4499 4
