2834 4972
196 293 256 370 24
523 301 716 360 Quaestionum
726 301 816 362 Liber
835 302 947 372 prinus.

200 495 267 542 erse
293 475 568 556 interpretationem
591 484 620 540 et
641 492 679 539 ex
700 475 853 556 proxlmo,
883 475 934 558 qul
957 473 1091 557 sequitur
1116 489 1220 550 uersu,
1243 481 1274 539 et

200 581 228 631 t.
252 564 305 628 34.
328 571 463 644 apparet.
506 561 554 626 Gi.
576 562 801 625 commentarios
824 560 862 624 cd
887 579 912 624 e.
936 559 957 624 1.

303 649 379 712 'Iun
411 648 506 729 igitur
535 647 718 712 statuendum
748 649 822 724 erit,
854 646 973 712 Tullum
1005 654 1142 728 patruum
1169 645 1272 708 linium

199 734 383 818 urrunnun
411 735 564 808 sortitum,
590 742 676 814 'quae
704 741 861 815 postquem
886 734 1042 811 Angustus
1069 731 1185 812 imperii
1221 749 1272 793 res

200 837 278 884 enno
301 824 375 885 727.
398 819 495 884 denno
517 821 683 893 constituit,
711 819 777 880 solu
800 836 864 880 cnm
885 819 991 881 AIrIcc
1011 826 1077 881 erat
1104 816 1272 881 consuleris

199 905 482 985 (nuscanum,
505 908 557 969 14.
587 904 640 1008 Τῇ
665 899 703 968 δέ
731 897 772 1008 riq*
799 899 922 988 βουλῇ,
953 893 1023 1006 ἰδίᾳ
1049 897 1110 980 μέν
1138 902 1209 1002 τοῖς
1235 922 1273 964 τε

198 981 467 1054 ὖπατευκόσι
493 982 553 1075 τήν
574 1009 611 1052 τε
627 987 789 1074 Αφρικην
810 983 867 1051 καὶ
887 983 947 1072 τὴν
965 981 1105 1050 Ασίαν
1126 1007 1183 1050 και
1202 987 1274 1062 τοῖς

198 1069 457 1162 ἐστρατηγηκόσι
478 1070 520 1138 τὰ
541 1071 647 1140 λοιπὰ
669 1069 781 1138 πάντα
802 1065 984 1152 ἀπένειμε),
1001 1083 1138 1155 nepotem
1152 1072 1273 1136 Tullum

197 1161 330 1243 legatum
351 1162 410 1226 sibi
431 1163 640 1245 assumpsisse,
669 1179 743 1243 quos
765 1161 824 1226 Ilio
846 1179 908 1223 rem
934 1161 1033 1241 potius
1056 1159 1143 1241 quun
1165 1177 1273 1222 nomeu

198 1257 317 1313 tcoutus
346 1243 537 1334 παρέδρους
562 1257 649 1312 rocol
676 1247 712 1327 (1.
738 1246 759 1313 1.
788 1239 867 1320 τοὺς
894 1240 932 1308 δέ
959 1238 1001 1346 δι)
1027 1241 1271 1330 παρέδρους

199 1323 302 1409 αδτδς
328 1323 437 1416 ἑαυτῷ
461 1331 599 1408 ἕκαστος
628 1323 772 1416 αἱρεῖται
796 1325 855 1396 ἕνα
884 1325 1003 1411 μένοι
1033 1322 1272 1415 ἐστρατηγηκό-

196 1436 269 1495 τες,
298 1417 387 1504 τρεῖς
415 1413 453 1486 δέ
481 1411 515 1482 oi
542 1409 767 1491 ὑπατευκὸτες
795 1410 832 1480 tiu
857 1415 922 1478 τῶν
954 1406 1149 1496 ὁμοτίμων).
1203 1418 1270 1493 Quo

198 1503 288 1569 simul
317 1521 423 1570 norum
454 1506 652 1569 nanciscimur
679 1511 885 1583 argumentum
914 1500 954 1565 arl
988 1519 1091 1564 eornm
1124 1503 1271 1566 rationem

198 1590 425 1668 confutandam,
459 1593 511 1673 qni
538 1599 607 1653 unte
636 1608 742 1652 annum
769 1593 843 1654 727.
871 1589 948 1652 lranc
975 1587 1102 1668 elegiam
1126 1589 1271 1670 scriptam

199 1693 268 1740 esse
295 1677 483 1745 contendunt.
533 1675 650 1748 Etenim
678 1693 743 1738 cnm
770 1673 1125 1753 lunaticorum
1154 1684 1271 1739 cantum

198 1771 294 1839 esset,
325 1780 362 1824 ne
390 1763 456 1844 quis
487 1761 546 1826 nisi
574 1762 703 1843 quinque
731 1763 815 1824 annin
844 1761 972 1839 integris
1005 1760 1170 1825 interiectis
1201 1769 1272 1843 post

198 1865 408 1925 ecmannum,
435 1864 494 1929 quo
516 1859 637 1914 munere
665 1847 820 1912 defunctus
849 1854 943 1922 esset,
969 1845 1152 1929 prouinciam
1180 1847 1271 1910 sorti-

196 1942 281 1999 retur
299 1967 343 1981 --
361 1935 407 1995 sin
428 1932 499 2014 quil
522 1943 626 1997 contra
647 1935 807 2010 euenisset,
830 1931 962 1996 allione
984 1931 1144 1995 irlentilem
1165 1931 1196 1994 irl
1216 1931 1273 1994 arl-

195 2028 330 2084 notutnm
352 2018 513 2082 invenimus
533 2017 605 2099 (DIo
626 2019 710 2083 Gaas.
729 2020 803 2095 XL,
824 2022 876 2082 36.
897 2021 950 2082 46.
967 2017 1036 2100 56.)
1059 2055 1098 2066 -
1121 2020 1273 2098 Angustus

198 2104 231 2167 in
258 2105 418 2188 provinciis
439 2105 473 2168 S.
496 2101 529 2168 P.
551 2106 588 2183 Q.
609 2107 663 2184 6.,
690 2106 788 2187 qucIIs
809 2104 884 2167 lisia
912 2112 995 2178 eret,
1019 2103 1170 2185 antiquum
1198 2121 1272 2184 pro-

196 2187 299 2254 Iratum
326 2208 390 2254 esse
417 2191 512 2253 uoluit
538 2192 698 2256 institutum
725 2191 798 2269 (Dio
822 2185 906 2255 (loss.
925 2189 1013 2264 LIII,
1036 2193 1086 2253 14.
1112 2188 1206 2273 κοινῇ
1233 2183 1274 2252 δέ

199 2269 241 2358 δι)
264 2273 367 2338 πᾶσιν
390 2265 505 2350 αὐτοῖς
522 2276 606 2352 (τοῖς
629 2267 840 2350 ἀνθυπάτοις
861 2276 899 2340 ci.
922 2293 948 2340 c.
964 2273 1029 2355 13.)
1051 2264 1123 2356 ἇπη
1145 2265 1274 2359 όρευσε,

197 2357 324 2444 μηδένα
345 2355 413 2447 πρὸ
436 2357 535 2424 πέντε
555 2357 637 2426 iccio
658 2355 742 2441 μετὰ
769 2355 807 2424 τὸ
830 2355 864 2424 έν
886 2359 928 2444 τῇ
948 2352 1049 2422 πόλει
1071 2294 1172 2444 δι’ρὲαι
1195 2355 1273 2442 utq-

197 2443 357 2530 ροῦοθαι.
402 2447 449 2512 Gi.
471 2446 599 2513 Gronov.
622 2445 929 2525 allocutum,
952 2451 1005 2511 32.
1023 2445 1102 2526 58.)
1145 2445 1198 2510 Sic
1219 2445 1274 2509 de·

199 2547 277 2596 mum
297 2531 395 2595 locum
417 2533 570 2600 commode
591 2534 743 2618 intelliges
764 2531 812 2599 Ill.
834 2534 867 2612 1,
887 2537 927 2611 6,
948 2537 999 2598 34.

387 2650 1005 2789 titillaturattitulatum
1020 2649 1101 2702 ’Μ’

197 2824 314 2906 accepti
330 2826 407 2889 enim
425 2825 470 2890 iul
485 2836 530 2892 est
544 2830 566 2892 i.
580 2847 609 2912 q.
623 2829 713 2908 grati.
756 2825 803 2891 cr.
816 2834 1003 2890 commentar.
1019 2822 1059 2887 ari
1074 2841 1100 2888 e.
1113 2821 1135 2886 l.
1176 2819 1273 2888 Prae·

184 2914 284 2978 'teres
296 2910 354 2977 irae
375 2921 538 2997 temporum
555 2917 689 2978 rationes
703 2913 856 2995 aptissime
874 2911 1030 2976 concinunt
1051 2928 1115 2974 oum
1127 2927 1207 2975 rers.
1220 2914 1273 2975 20.

438 3025 473 3078 m
490 3029 580 3078 cetero
595 3021 684 3078 ollltr's
700 3025 762 3078 toro
780 3023 851 3092 refer
866 3023 956 3076 sociis.

197 3123 276 3191 llam
295 3145 355 3192 non
378 3129 467 3196 nolo
492 3147 528 3195 eo
550 3147 628 3195 ennc
647 3132 797 3212 Angustus
819 3147 922 3194 omnes
943 3130 1131 3214 impertires
1153 3128 1273 3192 curium

200 3213 366 3292 ordinauit,
387 3215 443 3280 secl
464 3214 607 3283 orientem
627 3217 769 3298 imprimis
795 3234 835 3279 ex
855 3215 993 3281 ciuilibus
1015 3216 1110 3279 adhuc
1132 3214 1221 3278 bellis
1244 3222 1276 3277 et

197 3295 433 3366 AntonIanernm
459 3303 587 3386 portium
615 3303 711 3368 turbis
744 3302 931 3367 laborantem
962 3303 1136 3384 composuit.
1187 3300 1273 3380 Quae

198 3387 331 3466 quemuis
353 3387 492 3484 deinceps
519 3388 640 3470 singulo
666 3390 794 3453 mannire
821 3397 971 3470 gesturum
992 3406 1092 3451 rerum
1113 3387 1202 3468 copie
1222 3404 1275 3451 re·

198 3472 262 3534 tari
289 3491 321 3536 se
348 3473 469 3538 Cassius
497 3475 556 3539 itio
585 3477 651 3556 ipse
680 3475 853 3540 confitentur
882 3473 982 3554 (LlII,
1005 3474 1073 3551 21.)
1095 3504 1139 3516 -·-
1166 3481 1275 3548 tumen,

201 3573 280 3638 qnae
304 3559 526 3642 insequentibus
549 3559 665 3623 luobus
691 3562 775 3624 annis
798 3559 836 3626 de
854 3560 1016 3624 Polemone
1036 3559 1125 3623 Ponti
1145 3576 1219 3638 rege
1241 3557 1275 3620 iu

200 3644 431 3709 rocIetutem
453 3655 482 3711 et
503 3645 712 3715 amicitiem
733 3643 768 3712 Ρ.
786 3647 824 3710 n.
846 3654 967 3728 recepto
990 3647 1031 3726 (c.
1055 3645 1133 3726 25.)‚
1154 3642 1192 3706 de
1215 3643 1275 3706 Ga·

199 3727 328 3794 latisin
353 3732 527 3813 prouincIae
552 3731 678 3796 formam
697 3727 821 3797 reducta
843 3731 885 3810 (c.
908 3732 986 3812 26),
1009 3730 1047 3795 de
1068 3730 1276 3812 PamphyIIen-

201 3815 285 3877 sibus
312 3814 440 3900 deniqne
465 3819 527 3879 sui
556 3817 700 3882 iterum
726 3817 828 3882 iuris
857 3818 946 3881 lactis
976 3826 1098 3892 narrat,
1126 3826 1189 3880 tuto
1217 3817 1275 3879 lrno

200 3898 273 3966 licet
299 3902 426 3966 reterre.
468 3903 544 3980 Nam
572 3903 746 3982 regulorum
773 3905 895 3967 illorum
926 3911 956 3966 et
983 3904 1199 3967 tetrarcharum
1219 3918 1276 3983 po·

200 3987 322 4050 tentisn
343 3988 490 4052 intestinis
517 3989 689 4053 tumultibus
716 3990 837 4052 nimium
866 3996 896 4053 et
924 4005 989 4051 eum
1016 3986 1192 4052 detrimento
1219 3989 1275 4049 im·
1307 4007 1319 4032 ⁰

199 4073 277 4152 perii
296 4073 422 4138 Romani
443 4074 585 4151 crevisse,
605 4074 664 4138 iam
685 4075 770 4138 nnius
789 4078 931 4158 Amyntae
952 4074 1086 4157 exemplo
1108 4077 1181 4138 satis
1203 4089 1297 4136 con-r

200 4165 274 4236 stat,
303 4159 355 4238 qui
382 4167 545 4244 temporum
570 4160 823 4226 vicissitudinibus
845 4159 1014 4245 'prudenter
1039 4177 1126 4236 usus,
1156 4159 1273 4223 alterno

198 4241 384 4315 diuersurum
404 4244 567 4312 lectionum
588 4247 735 4330 obsequio
758 4265 852 4330 usque
874 4243 917 4310 etl
939 4244 1065 4310 Gilimm
1087 4245 1181 4310 saltus
1200 4244 1276 4308 lineo
