2806 4974
249 331 339 432 caput
356 363 419 419 vlt.
452 361 495 416 De
510 359 662 416 imitatione
678 366 818 433 poetaram
835 362 1085 424 Alexandrinorum.
1128 349 1205 430 193

125 535 189 602 soli
210 535 377 600 mortalium
399 554 464 600 cunr
478 537 618 619 Apolline
639 554 693 601 suo
715 545 744 602 et
765 537 891 600 Baccho
908 547 1031 602 aeterna
1051 539 1203 606 iuuentute

124 624 326 688 ιιιιιιιιιιι
368 622 473 704 Ιιιιιι
495 633 651 706 postquam
673 625 761 687 laetis
784 624 1000 706 quodammodo
1024 625 1131 689 Graeci
1156 630 1203 690 ιι-

125 711 211 790 genii
231 709 387 772 frondibus
408 711 491 772 ferro
512 719 541 772 et
561 712 624 790 igni
646 710 775 791 depastis
794 713 888 773 arbor
907 711 962 774 illa
984 713 1128 791 quondam
1152 733 1203 776 sn-

124 797 227 878 perba
245 796 403 878 putredine
423 814 513 858 exesa
534 796 651 872 occidit,
671 814 708 858 ex
727 797 793 878 ipsu
815 799 924 878 stipite,
945 806 1084 877 tunquam
1104 810 1202 862 extre-

125 901 192 945 mus
220 882 341 962 quidam
371 891 401 944 et
429 883 604 945 tenerrimus
632 883 782 957 auronius,
813 900 931 963 carmen
962 883 1126 963 elegiacum
1156 887 1202 948 ei-

124 968 232 1030 iloruit
252 977 282 1030 et
296 967 500 1048 per'aiiqnud
519 975 631 1050 tempus
649 986 726 1030 nora
746 967 903 1050 pullularit
920 971 1097 1050 propagine.
1141 973 1203 1035 Ne-

125 1071 187 1135 que
209 1053 295 1116 illud·
308 1057 366 1116 iam
389 1054 462 1115 solis
484 1064 615 1117 ueterum
637 1055 810 1116 testimoniis
832 1055 925 1116 fretus
948 1054 1032 1131 dico;
1054 1075 1122 1119 nam
1143 1075 1202 1120 non

124 1139 216 1202 modo
240 1139 394 1202 Theocriti
425 1141 564 1202 bucolica
593 1141 699 1220 elegiis
727 1159 837 1221 genere
865 1140 1011 1221 proxima.
1054 1143 1201 1206 Philetam

126 1243 248 1308 quoque
273 1236 502 1325 praeceptorem
528 1225 597 1288 talis
624 1237 734 1329 poetae
763 1227 885 1328 egregie
916 1227 1118 1291 commendant
1145 1232 1201 1309 (si-

124 1312 248 1411 quidem
269 1321 344 1376 teste
366 1329 455 1374 anon.
475 1313 527 1375 ιιι.
548 1313 690 1376 Thebon:
708 1303 888 1395 Ἀκουσιῆς
906 1307 1019 1394 ys'yore
1042 1307 1200 1396 &siquem

126 1397 225 1460 sed
216 1417 247 1460 ιι
275 1399 410 1460 manibus
440 1409 507 1462 sunt
537 1408 567 1461 et
597 1398 704 1461 debitis
737 1397 875 1460 laudibus
910 1399 947 1458 ab
978 1400 1199 1477 elegantissimo

126 1501 248 1566 quoque
278 1485 465 1546 celebrantur
492 1485 652 1547 Phanuelis
682 1492 711 1546 et
743 1483 992 1547 hermesiauactis
1022 1485 1201 1564 fragmenta,

126 1588 254 1652 quorum
276 1569 355 1633 alter
375 1569 558 1649 antiquitatis
578 1571 719 1632 memoria
739 1587 835 1651 paene
858 1569 982 1644 excidit,
1003 1569 1080 1633 alter
1100 1572 1202 1636 Phile-

125 1668 179 1720 tae
203 1666 232 1718 ιι
258 1656 464 1718 familiaritate
493 1666 523 1718 et
550 1655 654 1718 studiis
684 1657 936 1718 coniunctissimus
960 1653 1013 1734 (cl.
1037 1657 1137 1722 Schol.
1161 1659 1200 1722 ad

106 1741 273 1813 ‚Nicandri
292 1742 384 1805 Ther.
402 1759 431 1804 ι.
446 1743 491 1820 3.)
516 1750 547 1803 ιι
568 1744 662 1804 amico
685 1743 773 1804 etiam
796 1741 956 1802 carminum
978 1758 1098 1820 genere,
1119 1745 1201 1825 quod

126 1829 318 1892 vehementer
349 1829 471 1908 probat,
508 1829 613 1889 similis
646 1829 737 1890 luerit
771 1838 851 1890 recte
881 1827 1060 1904 colligimus.
1113 1830 1201 1906 Quod

127 1931 194 1976 cnm
215 1914 297 1975 illius
320 1914 432 1992 elegos,
455 1931 529 1992 quos
551 1907 735 1976 areteribus
755 1912 936 1976 transeundo
958 1911 1052 1974 solum
1075 1930 1201 1978 conme-

126 2009 274 2076 moratos,
306 1998 397 2078 longo
425 2007 535 2062 tautum
568 1999 725 2063 interuallo
752 1999 888 2062 Philotae
917 1999 1070 2097 proximos
1103 2001 1198 2066 inissa

127 2095 272 2168 apparet,
292 2085 347 2146 hus
367 2094 463 2146 autem
486 2102 550 2146 cum
568 2086 661 2148 ιιιιιιι
682 2084 830 2168 quoddam
851 2085 1050 2165 pretiosarum
1071 2103 1201 2164 gemma·

129 2191 195 2235 rum
224 2170 333 2233 monile
360 2188 471 2232 summa
500 2170 654 2252 dignemur
681 2172 877 2234 admiratione
899 2170 952 2249 (ci.
974 2170 1024 2233 Fr.
1046 2171 1197 2253 Schlegel.

128 2257 406 2339 0pp.1v.p.oe.)‚
428 2256 530 2336 qualia
551 2257 668 2320 taudem
689 2259 781 2340 ipsius
796 2256 931 2322 Philetas
954 2255 1086 2319 carmina
1106 2259 1200 2322 tuisse

130 2359 298 2417 censemus,
327 2341 374 2405 ιιι
403 2343 505 2422 ιιιιιι
532 2343 725 2418 Callimachi,
755 2343 805 2423 qui
830 2344 909 2404 inter
940 2351 1038 2406 tantos
1065 2345 1198 2408 aemulos

126 2431 240 2510 primus
269 2438 372 2508 posset
398 2429 526 2491 haberit
569 2429 631 2501 Nec
659 2431 813 2510 quisquam
842 2444 918 2489 nunc
947 2429 1032 2490 nobis
1048 2439 1114 2507 ¹aut
1139 2431 1199 2494 Ca-

127 2516 196 2578 tulli
223 2515 307 2576 illem
329 2515 455 2594 elegiam
477 2513 707 2576 Callimacheam
736 2515 874 2588 obiiciat,
895 2532 972 2594 quae
994 2514 1198 2592 frigorecum

126 2601 242 2680 hymnis
272 2608 382 2673 certet,
411 2610 463 2663 aut
494 2599 600 2662 densas
635 2601 816 2681 reliquarum
851 2599 984 2678 glossas,
1020 2619 1097 2680 quae
1129 2603 1198 2684 ipsa

128 2688 312 2750 obscuritate
330 2685 496 2762 effecerint,
522 2697 553 2748 ut
575 2706 594 2749 a
614 2687 812 2764 grammaticis
840 2695 868 2746 et
893 2684 1115 2766 lexicographis
1134 2690 1200 2750 ira·

129 2784 250 2854 guenta
269 2773 354 2834 nubis
376 2781 575 2834 servarentur.
617 2773 823 2836 Namcarmen
845 2770 919 2834 illud
938 2774 967 2833 iu
980 2789 1091 2834 cumam
1103 2773 1199 2836 Bere-

127 2861 209 2922 nices
238 2859 393 2939 scriptum,
422 2857 552 2937 quamuis
576 2857 707 2920 distichis
731 2858 873 2936 elegiacis
902 2859 1110 2938 compositum,
1137 2877 1198 2922 non

127 2946 224 3026 magis
248 2945 364 3022 elegiae
387 2958 492 3006 nomen
515 2953 644 3006 meretur
666 2963 751 3024 quem
773 2953 824 3006 aut
848 2944 968 3024 hymnus
990 2945 1021 3004 in
1042 2944 1197 3006 Palladem

85 3049 86 3052 ’
128 3043 180 3094 ιιι
201 3030 396 3111 quodcunque
418 3029 499 3091 aliud
522 3029 667 3093 conducto
690 3031 786 3111 pretio
807 3031 837 3090 ιι
859 3030 947 3092 ιιιιι
967 3031 1110 3092 honorem
1128 3029 1198 3094 Cal-

127 3118 273 3181 limachus
301 3115 443 3178 condidit.
489 3116 610 3178 Clossas
639 3127 735 3178 autem
759 3126 788 3179 et
816 3115 971 3178 recondita
989 3117 1084 3179 'uerba
1110 3134 1196 3180 nemu

128 3205 307 3285 exprobret,
330 3203 380 3283 qui
400 3203 541 3264 Graecum
561 3220 724 3264 sermonem
749 3220 853 3283 purum
871 3211 905 3264 ιι
925 3201 1107 3280 elegantem,
1128 3212 1198 3265 tunc

127 3307 226 3373 paene
253 3291 311 3350 ium
342 3289 482 3362 oblitum,
510 3287 610 3351 dedita
638 3307 731 3370 opera
759 3306 798 3350 ex
820 3296 951 3351 ueterum
977 3287 1063 3349 libris
1092 3290 1198 3352 cruia

129 3377 225 3438 doctis
248 3384 278 3437 et
299 3373 395 3435 denuo
417 3335 533 3436 addisci
561 3377 730 3476 oportuisse
757 3375 928 3436 meminerit.
973 3374 1057 3450 Quae
1079 3376 1105 3436 si
1126 3393 1196 3438 uere

132 3482 151 3524 a
173 3462 261 3523 nobis
283 3459 431 3541 disputata
457 3469 540 3535 suut,
569 3463 685 3524 minime
713 3462 771 3535 ianr
792 3460 911 3523 uidetur
934 3459 1091 3536 absuuarn,
1117 3460 1197 3541 quod

128 3548 304 3628 Propertius
330 3546 475 3610 Philotam
506 3547 564 3608 sibi
599 3558 628 3611 et
657 3529 867 3610 Callimachum
902 3547 931 3606 ιι
965 3545 1087 3648 elegiis,
1121 3566 1198 3627 quae
1303 3547 1304 3550 ’

129 3635 255 3715 ιιιιιιι
277 3632 426 3708 dicuntur,
452 3633 611 3697 imitandos
637 3633 803 3715 proposuit.
846 3633 880 3695 ln
899 3622 1037 3705 Αἰτίοις
1058 3650 1145 3710 ιιιι,
1167 3635 1199 3696 in

80 3741 81 3746 ¹
130 3722 239 3801 quibus
262 3717 398 3781 doctrina
416 3729 547 3782 ueterum
568 3721 758 3783 historiarum
779 3727 889 3780 tuntum
910 3718 996 3780 abest
1022 3727 1054 3780 nt
1076 3722 1199 3782 carmini

129 3814 254 3881 noceat,
282 3812 314 3866 ut
339 3805 406 3887 ipsa
434 3806 497 3868 eius
525 3806 635 3868 alliciet
663 3813 854 3886 argumenta,
887 3821 926 3864 ne
954 3803 1051 3883 potuit
1081 3805 1201 3886 quidem
1307 3825 1309 3829 ·

129 3892 223 3954 aliurn
254 3891 425 3968 nagistrum
460 3892 555 3971 sequi.
605 3893 705 3970 Quare
740 3889 857 3954 tandem
885 3889 989 3951 mirari
1021 3887 1200 3969 desinamus,

129 3976 213 4057 quod
233 3975 359 4040 Romani
382 3975 557 4054 Callimachi
582 3979 782 4062 appellatione
803 3977 961 4057 superbam
989 3974 1117 4054 gloriam
1144 3996 1200 4060 pa·

129 4064 208 4126 triae
231 4080 303 4125 suae
325 4073 559 4144 comparaturum
582 4083 648 4126 esse
673 4083 706 4127 se
727 4061 805 4124 haud
829 4061 918 4124 tacite
942 4065 1115 4142 pronuntiat
1136 4063 1199 4142 (El.

130 4147 182 4224 tv,
211 4153 247 4224 l,
272 4153 327 4214 63
348 4151 440 4230 sqq..)
490 4150 600 4226 Quidni
633 4152 710 4214 euim
739 4149 852 4212 iuuenis
881 4147 1037 4210 admodum
1067 4159 1097 4212 et
1124 4153 1199 4213 artis

131 4235 270 4315 poeticae
298 4236 375 4311 tiro,
402 4235 499 4316 qualis
527 4239 692 4318 [rupertius
715 4235 853 4318 Origines
873 4252 944 4296 sues
966 4233 1102 4316 scripsit,
1124 4236 1199 4298 satis

132 4320 349 4435 inmortalitati
374 4339 447 4388 suae
467 4323 630 4387 consultum
654 4314 808 4399 crederet,
834 4319 921 4384 modo
944 4317 1119 4384 Callimachi
1145 4337 1202 4384 nu·

972 4424 1118 4498 13Α
