2834 4972
352 345 442 417 Caput
461 347 508 405 Vl.
548 349 593 404 Da
610 349 744 422 Propertii
762 351 907 410 amoribus.
1119 349 1170 422 41

299 521 332 574 ln
349 535 440 572 encore
455 519 518 572 lutee
535 521 621 573 omnio
637 522 727 574 innunt
742 523 823 576 citio:
839 523 948 594 intorto,

300 590 486 655 Suspiciones,
503 590 672 655 inimicitiae,
691 591 812 643 induciae
952 645 953 650 ,

196 675 198 682 ’
300 659 421 724 Bellum,
438 673 497 724 pen
514 673 627 711 emens.-
648 661 748 711 incerto
765 659 827 711 bueo
843 661 868 713 si
883 667 913 713 tn
929 665 1048 730 postules

303 728 419 778 Ratione
436 733 509 777 centn
526 725 598 793 pieri,
619 727 698 778 nidilo
716 729 778 794 plns
797 743 868 796 opos,

303 795 388 858 Quom
405 795 429 846 si
446 794 491 847 des
509 811 619 863 opernm
636 801 667 848 nt
684 811 741 848 cnm
758 799 861 850 notione
878 797 1009 855 insuerint.

97 917 198 1000 ltaque
210 916 399 998 Propertius,
420 915 597 998 simulatque
611 918 763 998 Lycinnae
779 918 898 983 rinoda
919 924 1059 1002 excussit,
1079 943 1170 1008 prae-

97 1005 232 1067 iormatis
255 1004 343 1085 qnasi
364 1004 473 1064 umoris
494 1001 604 1068 litteris
626 1003 664 1066 ub
686 1003 799 1068 ancilla
820 1003 860 1068 ed
883 1003 1030 1074 dominam
1050 1016 1171 1080 transiit

99 1091 157 1173 (ΕΙ.
179 1089 244 1170 ΙΠ,
268 1092 327 1165 lb,
348 1088 413 1170 5.),
438 1106 506 1151 nam

301 1205 357 1325 Iiip
373 1207 452 1326 pndps
470 1206 572 1261 animos
588 1221 638 1277 per
654 1213 742 1260 noctes
760 1208 866 1261 conscio
884 1211 988 1278 primns

355 1292 380 1328 ιιι
397 1291 424 1328 ιιι
454 1305 489 1318 -

100 1343 169 1410 sed·
261 1500 270 1514 Ι
308 1429 409 1482 Cuncta
428 1437 491 1485 tnnc
507 1429 665 1502 (Cynthiae)
682 1433 800 1502 repetiuit
818 1447 903 1493 umor.

100 1553 217 1620 Etenim
237 1551 350 1636 prioris
373 1555 515 1640 amatoris
535 1553 680 1640 perfidia,
706 1557 758 1638 qni
779 1556 857 1620 lucri
878 1572 970 1638 censa
990 1557 1021 1620 in
1041 1558 1174 1623 Africam

102 1642 307 1721 navigaverat,
326 1638 428 1703 domus
450 1642 533 1705 noris
555 1643 664 1724 nuptiis
685 1660 780 1706 vacue
801 1660 866 1706 cum
886 1643 969 1707 lacta
991 1653 1069 1708 esset
1090 1646 1174 1728 (buic

103 1729 178 1790 enim
198 1728 296 1810 primo
319 1727 430 1790 amoris
451 1729 577 1808 tempori
598 1728 726 1810 elegiam
747 1727 804 1804 ΙΙΙ,
825 1732 877 1793 20.
899 1727 1084 1794 tribuendam
1107 1749 1174 1794 esse

102 1813 241 1881 WDD.
260 1812 554 1879 recteadnotnrunt.
599 1813 646 1878 Gi.
667 1813 770 1878 Barth.
792 1814 844 1879 uit.
864 1814 955 1897 Prop.
978 1815 1017 1880 ed
1038 1835 1067 1880 ιι.
1086 1817 1123 1881 U.
1145 1835 1174 1882 c.

104 1904 177 1964 723.
199 1917 232 1982 p.
252 1898 446 1978 brixilli),
473 1899 652 1965 dubitantem
677 1899 773 1964 adbuc
795 1899 963 1981 Cynthium,
990 1910 1023 1965 nt
1050 1902 1081 1965 iu
1103 1921 1174 1967 euos

105 1985 184 2049 sinus
212 1994 360 2061 curreret,
385 1987 529 2052 inritavit.
571 1983 646 2049 Num
668 1996 765 2050 autem
787 1987 825 2048 ab
848 1988 905 2050 boc
926 1995 1059 2070 tempore
1080 2007 1175 2072 usque

105 2070 145 2136 ed
172 2072 288 2154 primae
315 2073 404 2154 primi
432 2071 504 2136 libri
531 2071 648 2151 elegiae
675 2073 865 2155 scriptionem
890 2071 953 2136 alia
974 2075 1176 2156 composuerit

104 2158 136 2222 in
158 2157 311 2238 Cynthium
338 2156 485 2235 earmina,
511 2168 563 2222 aut
590 2176 658 2221 uum
686 2176 788 2223 eornm
816 2177 854 2222 ex
880 2177 1001 2225 numero
1027 2161 1174 2242 quaedam

107 2246 182 2321 sint,
209 2262 286 2326 quae
315 2253 498 2308 serratorum
522 2244 719 2309 uoluminibus
747 2241 966 2322 contineantur,
994 2263 1055 2310 non
1082 2246 1175 2310 facile

107 2339 152 2394 est
173 2329 212 2393 ad
232 2327 461 2394 diiudicandum.
504 2332 568 2395 lloo
589 2341 698 2395 eertum
721 2340 774 2407 est,
796 2331 935 2412 scriptam
958 2349 1023 2396 esse
1040 2333 1177 2414 primam,

107 2434 194 2497 quam
222 2415 365 2488 diximus.
392 2417 521 2496 elegiam
548 2436 608 2481 uno
634 2418 752 2496 integro
775 2435 853 2480 anno
873 2425 1027 2498 postquam
1051 2418 1178 2498 Cynthia

107 2521 127 2565 a
144 2503 305 2584 Propertio
326 2503 461 2566 adamari
482 2512 589 2585 coepta
610 2513 655 2568 est
675 2504 716 2581 (r.
735 2504 867 2585 542).
910 2504 957 2567 lta
977 2521 1049 2569 vero
1070 2504 1178 2570 infelix

107 2596 137 2652 et
160 2589 239 2651 omni
261 2605 314 2671 spe
335 2588 490 2652 destitutus
510 2590 645 2665 amabat,
664 2598 697 2652 ut
715 2591 841 2671 primum
862 2607 1016 2669 magorum
1038 2599 1068 2654 et
1086 2609 1178 2654 rene·

104 2675 228 2738 dearum
257 2691 315 2756 ope
345 2676 521 2759 imploratu,
552 2692 638 2758 quum
668 2673 706 2738 de
735 2677 791 2738 bue
825 2691 944 2756 quoqne
976 2676 1179 2758 desperasset,

105 2760 226 2824 Tullum
244 2761 300 2837 (cl.
319 2759 393 2844 Gap.
411 2763 462 2840 V.)
482 2762 607 2825 amicum
627 2761 772 2838 libenter,
792 2762 819 2824 si
837 2759 908 2824 inde
929 2762 1090 2824 remedium
1111 2762 1178 2826 rul-

106 2848 229 2910 ncribus
250 2847 378 2911 inueniri
403 2856 522 2930 posset,
550 2849 581 2910 in
608 2847 787 2929 longinquas
811 2857 908 2910 terras
930 2848 1015 2929 sequi
1043 2866 1077 2911 se
1099 2848 1178 2911 nelle

105 2933 307 3016 profiteretur.
349 2934 433 2997 lluno
459 2935 535 2997 euim
563 2951 681 2998 sensum
708 2933 796 3015 primi
824 2933 962 2996 carminis
990 2951 1057 2997 esse
1084 2935 1178 2995 nemi-

107 3037 191 3095 nem,
220 3021 272 3100 qni
298 3019 382 3083 nulla
410 3029 570 3101 occupatus
600 3021 739 3103 opinione
767 3019 799 3083 id
826 3019 953 3096 adierit,
980 3036 1039 3082 non
1066 3019 1179 3097 ridere,

105 3106 253 3170 existimo.
297 3105 330 3168 ln
350 3108 449 3169 omnia
468 3108 531 3169 aliu
551 3115 648 3170 tamen
669 3106 733 3170 abit
752 3105 957 3172 Lachmannus
980 3107 1023 3188 (p.
1042 3104 1179 3203 XXIV),

106 3192 161 3274 qui
185 3195 242 3256 hoe
267 3209 386 3255 carmen
407 3211 444 3257 eo
471 3201 603 3275 tempore
629 3193 769 3274 seriptum
790 3209 857 3254 esse
879 3200 995 3268 censet,
1023 3208 1082 3273 quo
1105 3199 1179 3254 tem-

105 3295 183 3361 pore
212 3298 231 3341 a
256 3277 382 3358 Gyntlria
406 3278 528 3343 relictus
554 3279 728 3362 Propertius
753 3277 827 3341 siles
850 3295 995 3359 quaerere
1021 3277 1180 3358 coepisset.

106 3365 156 3428 De
176 3364 223 3427 bis
245 3364 377 3428 lusorem
397 3365 528 3448 explicet
548 3383 591 3428 ιι.
611 3371 653 3430 7.;
675 3364 740 3441 „lit
761 3364 831 3426 mihi
853 3365 913 3426 iam
934 3375 998 3428 toto
1020 3364 1107 3430 turon
1128 3364 1178 3426 bin

106 3469 169 3513 non
190 3450 286 3512 deluit
304 3455 416 3527 anno“,
443 3450 481 3514 de
501 3453 548 3514 his
570 3461 717 3515 castarum
735 3451 900 3532 puellarum
922 3447 1036 3513 odium:
1058 3448 1179 3526 „donec

106 3554 158 3600 nte
185 3534 287 3599 docuit
314 3545 413 3600 castos
442 3537 543 3600 odisse
571 3537 714 3619 puellas“
742 3535 893 3609 (Amorem
917 3536 1046 3612 intell),
1073 3535 1104 3597 iu
1132 3535 1180 3600 his

106 3624 261 3687 amoribus
282 3622 427 3687 Venerem
449 3623 604 3687 aduersam
625 3624 718 3686 tuisse
742 3622 784 3709 (u.
803 3624 849 3700 8.)
872 3623 931 3700 sit,
959 3621 1104 3704 Cynthiae
1126 3618 1181 3684 de-

105 3717 210 3774 sertae
231 3711 374 3771 memoria
395 3711 523 3792 animum¹
541 3707 660 3772 assidue
682 3709 835 3771 subeunte.
955 3717 958 3726 ’

213 3796 491 3871 verumenimvero,
522 3804 554 3858 ut
583 3793 795 3870 concedemus,
824 3791 974 3856 infelicem
1007 3799 1181 3869 amatorem,

109 3882 140 3945 si
166 3881 241 3944 nibil
265 3881 404 3962 precibus
426 3881 554 3944 assiduis
574 3899 638 3944 rem
659 3879 801 3963 expedire
823 3897 855 3944 se
875 3878 992 3955 uideat,
1015 3879 1106 3960 plane
1128 3878 1182 3942 de-

13 3989 14 4056 p
108 3977 261 4048 speratum
289 3967 327 4029 ad
353 3986 494 4049 vagarum
520 3967 687 4050 puellarum
716 3982 834 4029 amores
862 3965 964 4028 delabi
992 3982 1097 4046 posse:
1123 3982 1181 4046 per

108 4064 227 4128 tamen,
255 4053 376 4128 hercle,
406 4055 510 4116 mirum
537 4063 615 4117 esset
642 4052 773 4129 lacinus,
801 4052 829 4114 si
854 4051 903 4115 lris
929 4051 1019 4114 rebus
1050 4067 1182 4113 amorem

108 4141 231 4222 puellae
259 4138 316 4202 sibi
346 4149 587 4221 recuperaturum
614 4157 648 4203 se
670 4157 737 4202 esse
761 4137 876 4202 eredat.
917 4137 993 4202 Nam
1019 4133 1183 4199 identidem

13 4233 15 4260 '
107 4237 171 4290 tum
193 4225 383 4307 Propertium
410 4225 474 4288 eius
501 4223 625 4288 flammis
650 4233 830 4288 maceratum
857 4241 926 4287 esse
946 4240 1008 4288 uss.
1028 4223 1182 4288 lte-nt.

107 4321 272 4388 testantur,
304 4312 411 4393 quibus
437 4312 621 4392 magicarum
650 4313 758 4376 artium
785 4310 945 4386 auxilium,
975 4324 1035 4390 quo
1063 4304 1184 4390 puellae
