2822 4976
350 355 440 428 capa
457 357 505 414 vn
538 359 580 414 n·
598 357 760 416 aroanna·
777 359 921 431 naum.
1091 344 1175 428 trba

96 533 125 597 si
154 530 273 616 penitus
295 549 479 614 cognoscere
501 535 615 596 animus
637 534 692 597 till
717 543 778 610 eet,
803 533 873 615 lege
894 531 1039 597 adnotata
1062 529 1102 596 ad
1123 531 1174 600 m.

98 620 145 695 ll,
169 626 205 694 2,
226 623 278 684 27.
301 623 337 696 3,
361 624 411 684 ll.
454 621 606 698 Quocirca
626 621 692 682 iure
714 622 845 698 mireris,
874 619 953 702 qnod
976 630 1035 684 tam
1057 621 1173 684 eximiis

97 705 241 770 laudibus
269 723 333 768 enm
357 708 538 770 Bartbins
568 709 773 784 exornaverit,
798 709 880 770 cuins
909 707 1000 770 editio
1022 705 1175 786 Sentigori

98 794 278 855 conlusione
300 792 458 872 repudiata
479 793 602 874 Lipsiae
623 793 754 874 prodiit,
775 797 867 857 1778.
890 797 920 857 8.
965 792 1024 856 Sed
1048 794 1113 868 bic,
1140 802 1173 858 ut

99 888 169 941 erat
195 881 282 941 bonrc
309 879 456 957 diligens,
479 881 613 953 sobrius,
640 880 736 959 lrngi,
757 881 799 941 ita
819 898 893 941 unus
913 882 1040 942 omnium
1064 879 1175 956 docuit,

98 967 198 1028 sclam
218 965 397 1028 uoluntatem
415 975 444 1027 et
465 965 640 1028 iudustriam
660 983 719 1028 non
739 968 896 1047 unicuique
917 967 1003 1048 uperi
1022 964 1174 1030 snulbcere.

98 1052 179 1115 Nam
197 1051 311 1130 ingenii
332 1061 397 1113 erat
416 1054 540 1132 pariter,
551 1061 640 1134 atque
654 1071 792 1115 tenerum
806 1069 922 1133 expers.
966 1049 1051 1116 Unde
1064 1052 1176 1115 laetum

101 1147 152 1200 est
181 1146 231 1213 ut,
257 1155 435 1218 quamquam
463 1139 607 1200 librorum
634 1141 807 1201 uarietatem
837 1137 941 1200 sedulo
972 1145 1175 1218 excerpserat,

99 1241 140 1286 ne
167 1223 261 1285 semel
288 1226 407 1305 quidem
435 1224 608 1287 emendandi
637 1234 772 1287 conatum
799 1225 916 1287 lecerit.
966 1225 1176 1304 Interpretatio

99 1327 176 1374 tero
189 1311 264 1371 'eius
290 1311 401 1373 sterilis
424 1319 453 1372 et
475 1311 652 1390 exsanguis,
673 1311 820 1374 interdum
843 1312 931 1375 etiam
958 1310 1042 1372 miris
1063 1311 1176 1372 errori·

100 1397 159 1460 bus
181 1396 323 1458 obnoxia.
365 1395 412 1458 Gt.
436 1396 475 1458 ad
495 1397 543 1460 El.
563 1397 623 1470 ΙΙΙ,
646 1402 702 1474 ll,
724 1401 778 1461 40.

207 1481 269 1543 lam
286 1497 359 1545 raro
379 1481 498 1545 tandem
518 1483 632 1564 prodiit
647 1481 847 1545 Burmanni
868 1497 943 1564 opus
963 1477 1014 1542 diu
1036 1488 1177 1562 expects·

101 1575 166 1632 run
189 1575 219 1629 et
239 1585 334 1649 paene
353 1571 430 1631 notis
452 1579 596 1644 uocatum,
619 1587 673 1631 uec
692 1579 790 1633 tamen
811 1569 848 1630 ab
873 1585 908 1631 ec
928 1568 995 1648 ipso
1016 1569 1177 1648 superstite

103 1653 283 1728 absolutum,
304 1652 357 1716 sed
379 1657 417 1718 ab
439 1656 533 1718 amico
550 1656 694 1718 Santonis
715 1657 746 1717 in
766 1655 824 1717 ins
846 1653 1021 1736 suppletum,
1044 1654 1178 1718 Traiect.

104 1741 144 1802 ad
165 1741 222 1802 Rb.
245 1744 337 1804 7780.
360 1743 392 1803 4.
435 1739 489 1804 Est
514 1741 567 1803 ille
591 1759 624 1804 re
645 1759 719 1804 nera
740 1743 897 1804 thesaurus
919 1737 1083 1822 stupendae
1105 1755 1176 1804 eru·

104 1826 240 1889 ditionis.
282 1827 357 1890 Nam
377 1826 506 1889 lectione
524 1827 639 1890 infinita
660 1837 690 1890 et
710 1827 808 1891 studio
830 1828 970 1889 immenso
991 1826 1178 1888 Burmannus

105 1929 209 1975 omnes
237 1914 424 1994 superiorum
451 1914 620 1976 criticorum
650 1931 737 1995 opas,
767 1912 854 1976 codd.
881 1931 949 1974 mss.
974 1920 1004 1974 et
1032 1911 1177 1974 editicoes

104 2008 176 2063 vett.
202 2008 292 2079 atque
314 1999 390 2060 adeo
415 2000 520 2061 multos
545 2000 641 2063 libros
664 2003 807 2075 excussit,
835 1999 885 2081 qni
914 1999 968 2060 sub
996 1998 1179 2061 incunabula

105 2084 181 2147 artis
203 2086 438 2166 typographicae
468 2085 540 2148 editi
567 2087 616 2148 bic
637 2087 701 2148 illio
728 2087 813 2150 lcocs
834 2084 1047 2166 Propertiauos
1070 2086 1179 2148 citatos

106 2171 264 2246 exhibeam
294 2173 519 2234 commentarios
547 2171 653 2236 deinde
683 2191 801 2248 omnes,
831 2179 860 2234 et
887 2189 964 2252 qnae
986 2171 1096 2252 passim
1122 2187 1180 2252 per

105 2257 202 2320 libros
221 2256 372 2320 doctorum
390 2257 552 2340 dissipatae
573 2259 720 2334 iacebant,
739 2259 963 2322 obseruationes
981 2259 1035 2320 snb
1057 2274 1180 2320 examen

105 2343 239 2418 tonatim
261 2355 419 2424 praeterea
440 2347 559 2406 iuuenta
581 2347 741 2407 amicornm
763 2344 960 2419 eruditorum,
984 2361 1047 2406 cunr
1070 2345 1178 2425 quibos

107 2438 284 2510 perpetuum
311 2448 368 2512 per
389 2431 506 2493 litteras
529 2433 733 2494 commercium
754 2432 783 2494 ei
809 2431 903 2494 luisse
924 2447 982 2492 oon
1005 2430 1093 2491 modo
1113 2431 1180 2512 ipsa

106 2516 187 2580 liber
217 2515 339 2592 editus,
362 2516 417 2578 sed
444 2515 616 2579 ditissimum
642 2517 812 2580 libellorum
840 2535 908 2579 mss.
937 2533 1016 2597 penu
1044 2525 1181 2593 testatur,

108 2599 190 2683 quod
215 2618 280 2664 cum
308 2601 434 2684 reliquis
461 2605 555 2683 copiis
576 2603 729 2668 Dieziauis
758 2620 834 2666 nunc
854 2603 1038 2665 bibliothece
1058 2602 1180 2664 Barali-

107 2688 209 2752 nensls
241 2696 331 2751 tenet.
381 2689 434 2750 llis
469 2699 567 2752 minen
594 2692 701 2772 opibus
731 2691 865 2752 omnibus
900 2687 940 2750 ad
967 2686 1180 2751 emendandum

107 2784 229 2857 poetam
257 2791 345 2850 raro,
378 2775 477 2838 rarius
510 2777 610 2838 etiam·
628 2795 693 2838 cum
723 2793 862 2839 successu
894 2793 964 2837 usos
999 2784 1053 2837 est.
1102 2775 1179 2838 Nam

108 2861 266 2925 doctrinae
293 2861 371 2924 mole
396 2879 517 2944 pressus
545 2863 575 2925 in
603 2862 671 2944 ipsa
693 2862 851 2942 diligentia
871 2862 1028 2940 negligens
1053 2860 1182 2925 uidetur.

108 2947 255 3028 Saepius,
285 2965 372 3029 qnam
401 2965 458 3030 par
488 2955 549 3024 est,
582 2949 727 3012 librorum
757 2949 972 3030 discrepantias
1000 2964 1060 3008 'non
1091 2946 1180 3010 modo

107 3043 205 3109 tacet,
225 3032 295 3110 sed,
315 3032 395 3115 qnnod
416 3034 500 3116 peius
523 3043 584 3110 est,
604 3053 763 3116 perperam
780 3035 907 3117 profert.
951 3031 1183 3114 conparatione

107 3119 381 3184 percontamur
401 3121 576 3184 seinvicem
596 3124 730 3185 instituta
749 3123 876 3202 pretium
895 3120 1080 3199 singulorum
1100 3130 1184 3183 recte

109 3207 281 3281 aestimari,
309 3206 437 3270 credidit
463 3209 562 3288 potins
596 3227 683 3290 qnam
710 3208 844 3290 exemplo
875 3206 1102 3281 demonstrauit,
1129 3223 1184 3268 ue·

110 3293 180 3356 dnm
199 3293 230 3354 in
250 3302 347 3356 certas
367 3293 496 3356 familias
514 3294 670 3375 digerendi
692 3296 856 3378 pericnlum
871 3293 989 3357 lecerit.
1031 3294 1076 3355 Ab
1090 3293 1183 3356 llein-

111 3380 169 3452 sio,
185 3379 268 3440 ouins
290 3381 412 3459 ingenio
433 3381 558 3443 immane
573 3391 711 3463 qnantum
733 3384 867 3456 cesserit,
888 3378 1063 3445 emendandi
1085 3388 1184 3443 umen

108 3466 215 3530 babuit
235 3465 411 3546 cupidinem.
454 3468 517 3529 Nec
537 3485 609 3531 uero
630 3469 730 3551 palam
751 3468 886 3550 profiteri
909 3467 1070 3541 dubitauit,
1092 3466 1185 3528 multa

110 3553 203 3616 enimi
224 3569 316 3614 carnea
337 3552 534 3633 periclitatum
556 3572 621 3616 esse
642 3574 676 3618 se
696 3571 783 3618 nora.
827 3555 891 3618 ll‘oc
912 3552 987 3616 adeo
1006 3570 1106 3615 terum
1129 3559 1185 3629 est,

110 3639 216 3702 utrix
236 3656 364 3719 nuquam
387 3640 513 3715 curarit,
541 3641 692 3720 quomodo
716 3641 847 3703 carmina
874 3641 957 3721 ipsa,
985 3657 1076 3720 super
1103 3655 1185 3702 com·

111 3724 265 3788 meutariis
285 3725 377 3788 ueluti
398 3727 541 3801 natantia,
562 3728 675 3808 scripta
696 3729 916 3792 exhiberentur.
958 3726 1033 3787 Nam
1053 3742 1112 3787 ucn
1135 3741 1187 3788 ao-

110 3811 173 3874 lum
197 3811 304 3873 multos
328 3812 430 3886 locos,
458 3828 532 3893 qnos
554 3823 711 3894 corruptos
738 3830 912 3896 persuasum
935 3828 967 3873 se
988 3812 1101 3874 babere
1124 3829 1185 3874 uon

112 3896 332 3972 dissimulabat,
354 3899 483 3960 intactos
509 3897 647 3980 reliquit,
675 3898 855 3974 sedetiam,
881 3898 1026 3980 quesnel
1053 3897 1090 3958 ab
1114 3898 1185 3961 aliis

111 3984 160 4047 tel
182 4001 201 4046 a
221 3999 254 4046 se
276 3985 342 4063 ipso
366 3985 531 4046 certissima
552 3985 697 4047 medicina
719 3995 895 4066 personatos
925 3983 1102 4059 confideret,
1131 3983 1185 4046 de-

111 4078 268 4150 pravatos,
291 4079 323 4132 ut
344 4077 443 4146 erant,
464 4071 527 4151 legi
547 4089 653 4152 passus
675 4080 729 4134 est.
772 4072 863 4134 Nullo
885 4079 982 4134 autem
1004 4069 1092 4132 modo
1114 4087 1186 4150 per-

112 4157 188 4237 spici
216 4163 330 4236 potost,
358 4174 445 4238 quam
474 4157 652 4220 emendandi
677 4158 775 4237 legem
805 4159 863 4221 sibi
897 4157 1061 4239 scripserit
1110 4152 1187 4218 Nam

113 4259 178 4305 cnm
205 4243 244 4305 ab
275 4242 372 4304 altera
405 4251 492 4324 parte
519 4244 559 4308 sit
588 4243 820 4322 audacissimus,
852 4246 896 4308 ita
929 4260 1033 4306 rursus
1060 4240 1187 4322 pavidus

100 4329 341 4398 ‹auetomnribns
368 4327 498 4394 eborum
525 4329 726 4416 obtemperat,
753 4339 788 4398 ut
814 4347 854 4398 ns
880 4329 1035 4414 srnbgeri
1066 4325 1187 4410 quiden
