2762 4972
238 361 312 443 106
551 377 745 440 Quaestionum
761 377 845 437 Liber
861 377 1003 438 socundus

234 551 459 635 intelligantur,
484 552 512 618 si
537 553 569 618 in
590 553 744 619 sententiis
764 553 849 618 iuxta
868 550 975 633 positis
998 545 1121 614 eundern
1142 546 1241 614 sedem
1260 558 1302 616 te·

233 649 325 703 neunt
357 648 387 704 et
420 653 495 703 seno
524 641 632 705 iterato
661 657 750 703 aures
790 639 912 702 feriant.
965 637 1071 717 ltaque
1100 637 1247 716 quomodo
1274 637 1303 700 in

235 725 373 808 aedificio
396 726 547 790 commode
567 735 702 790 extructo
724 734 797 807 apta
815 725 944 807 partium
965 721 1134 786 distributio
1158 723 1303 786 columna-

236 829 304 874 rum
325 812 430 894 spatiis
452 821 482 877 ct
502 813 651 876 retienlati
671 813 771 894 operis
792 819 918 886 texture,
940 811 1105 872 taeniarum
1126 808 1214 886 adeo,
1236 808 1303 872 den·
1374 853 1375 874 r

234 897 408 974 ticulorum,
434 907 582 978 guttarum
604 898 835 963 dimensionibus
858 904 1000 978 apparet,
1025 894 1187 977 eademque
1210 896 1303 958 omnia
1374 903 1375 908 ’

153 1005 154 1013 “
233 1001 294 1047 non
316 985 411 1047 solum
434 985 472 1047 ed
494 986 622 1067 speciem
648 993 715 1047 sunt
738 984 863 1059 decora,
888 981 942 1046 sed
970 982 1059 1045 etiam
1083 981 1122 1044 ad
1144 981 1303 1046 firmitatem

234 1069 340 1146 utilia,
362 1072 406 1133 sie
427 1070 529 1151 liguris
550 1072 613 1148 bis,
635 1090 710 1152 quas
731 1088 804 1134 rere
821 1069 1039 1133 rhetoricas
1061 1067 1191 1145 dixeris,
1214 1077 1242 1132 et
1261 1068 1303 1130 in-

237 1155 375 1220 tellectus
402 1157 613 1221 sententiarum
640 1155 812 1233 adiuvatur,
841 1165 871 1220 et
898 1154 995 1218 oratio
1023 1172 1131 1236 pressa
1157 1153 1191 1218 it
1218 1163 1302 1234 atque

236 1252 356 1322 arguta.
400 1244 516 1322 Quodsi
537 1245 602 1325 quis
625 1260 675 1306 eas
697 1242 736 1306 ad
756 1251 888 1305 nostram
909 1258 972 1304 rem
995 1249 1025 1304 et
1050 1239 1090 1304 ud
1110 1241 1218 1321 poesin
1238 1257 1303 1321 pcr-

236 1328 333 1391 tinere
362 1331 534 1408 negaverit,
564 1330 702 1411 quoniam
731 1330 806 1392 siout
833 1328 865 1390 in
897 1327 991 1406 signis
1020 1334 1050 1390 et
1078 1326 1192 1390 tabulis
1219 1327 1301 1408 pictis

233 1413 366 1477 lineolae
390 1415 429 1477 ad
450 1416 599 1478 rubricam
615 1415 748 1479 directae
768 1424 798 1481 et
816 1413 904 1476 radio
919 1413 1068 1476 dimensae
1088 1412 1203 1476 frustra
1216 1429 1302 1493 quae·

233 1509 352 1576 rantur,
374 1501 417 1563 sic
438 1521 457 1564 a
479 1504 617 1564 carminis
638 1502 804 1564 rationibus
825 1498 1025 1563 ratiocinandi
1045 1497 1174 1562 artificia
1193 1499 1303 1580 pariter
1374 1491 1375 1551 ἶ

234 1587 294 1649 sint
315 1587 424 1663 aliena,
444 1588 607 1651 audiendus
631 1590 688 1652 erit
708 1587 762 1650 illc
784 1586 912 1669 quidem,
933 1585 987 1648 sed
1008 1587 1052 1648 ita
1069 1592 1168 1648 tamen
1185 1582 1301 1648 audien·
1374 1585 1375 1596 ¹

232 1671 304 1746 dus,
332 1681 382 1749 ut,
412 1675 560 1754 quomodo
591 1675 693 1756 poesis
722 1675 760 1736 ab
788 1675 827 1736 iis
858 1669 991 1750 artibus,
1018 1688 1095 1752 quae
1123 1661 1300 1734 πλαστικαὶ
1374 1665 1375 1740 ᾖ

231 1757 324 1839 vulgo
345 1768 503 1838 uocantur,
532 1759 666 1836 diflerat,
693 1768 782 1828 antea
806 1759 992 1823 edoceatur..
1019 1757 1115 1820 Poeta
1137 1758 1230 1832 enim,
1255 1754 1299 1817 oni

230 1855 405 1924 argumenta
434 1864 489 1908 sua
508 1848 570 1909 snb
598 1848 693 1928 ipsum
723 1856 874 1927 aspectum
902 1845 1051 1908 subiicere
1073 1861 1134 1905 non
1158 1844 1245 1918 licet,
1270 1847 1301 1903 ut
1374 1903 1375 1910 ,

231 1930 343 2011 pictori
370 1931 419 1994 uel
445 1931 606 2013 sculptori,
636 1932 689 1994 sed
714 1949 908 1994 enarrare
939 1930 1035 1993 solum
1055 1930 1138 1993 fecta
1160 1938 1206 1992 est
1233 1943 1300 1990 con·
1374 1961 1375 1996 r

232 2030 363 2092 cessum,
389 2026 449 2080 tum
472 2017 585 2080 demum
607 2037 746 2082 summam
768 2017 867 2081 laudis
888 2016 1087 2098 adipiscetur,
1115 2033 1180 2078 cum
1206 2012 1300 2078 uerbis

232 2101 295 2163 suis
322 2102 598 2167 auscultantem
627 2114 698 2184 epta
724 2104 862 2167 similium
883 2121 982 2166 rerum
1004 2103 1147 2164 memoria
1169 2115 1300 2178 coege-

230 2189 302 2264 rit,
322 2196 356 2250 ut
377 2188 456 2270 apud
477 2199 601 2254 mentem
621 2208 702 2251 suam
722 2199 751 2254 et
768 2190 980 2270 cogitationem
1003 2205 1104 2250 eorum
1124 2205 1224 2251 rernm
1240 2187 1299 2248 lor·
1374 2251 1375 2258 p

228 2292 307 2349 mos,
329 2292 451 2354 quarum
470 2276 500 2337 in
520 2285 658 2357 poemate
677 2277 785 2338 mentio
803 2276 849 2352 fir,
872 2268 969 2376 denup
990 2274 1074 2355 ipse
1095 2286 1299 2356 procreare

230 2367 260 2422 et
280 2377 336 2441 per
358 2357 592 2443 φαντασίαν
621 2363 756 2425 sensibus
779 2364 840 2424 suis
863 2369 1007 2444 repetitas
1032 2361 1181 2424 subiicere
1202 2357 1299 2422 uidea-
1374 2385 1375 2418 1

229 2453 288 2510 tur.
331 2446 436 2527 ltaque
452 2465 517 2508 oum
534 2450 599 2511 risa
616 2457 646 2511 et
666 2447 768 2512 audita
782 2467 838 2530 per
858 2445 1140 2526 cogitationem
1160 2443 1298 2527 quodan-

229 2530 318 2594 modo
340 2542 494 2595 transeant
516 2543 559 2609 et,
589 2534 734 2596 dissoluto
755 2536 839 2616 prins
860 2534 986 2598 radonis
1009 2534 1160 2609 acumine,
1182 2529 1298 2595 risio-

229 2635 313 2680 num
339 2616 453 2680 demum
479 2619 615 2683 alicacia
642 2621 674 2681 in
701 2638 800 2683 rerum
827 2621 975 2700 imagines
1003 2619 1109 2681 iterum
1136 2624 1298 2687 nectantur,

228 2703 381 2782 cogitandi
409 2705 528 2783 legibus
556 2715 585 2769 et
612 2707 766 2768 sententiis
793 2705 833 2770 ad
859 2705 1103 2787 perspicuitatem
1130 2701 1298 2786 compositis

228 2806 336 2852 carere
368 2791 486 2853 omnino
516 2801 607 2874 pocta
636 2809 695 2856 non
724 2800 833 2874 potest.
884 2792 1067 2872 Quamquam
1097 2791 1155 2854 boe
1187 2801 1298 2868 semper

198 2879 204 2892 “
226 2875 384 2940 tenendum
406 2886 451 2940 est
473 2884 502 2941 et
523 2879 579 2940 bac
600 2878 687 2940 etium
706 2887 792 2960 parte
813 2876 1020 2958 repetendum,
1040 2876 1182 2959 pulchras
1203 2887 1297 2938 rerum

228 2961 342 3025 formas
373 2964 561 3044 risionesque
589 2964 659 3026 illus
692 2983 832 3028 summam
864 2964 1011 3045 poematis
1042 2979 1203 3044 rerumque
1235 2960 1295 3022 eins

228 3047 355 3112 elicere·
376 3059 595 3129 argumentum
627 3049 793 3114 disserendi
821 3066 956 3125 normas,
985 3048 1090 3129 quibus
1116 3065 1220 3123 nemo,
1247 3043 1296 3125 qui

226 3133 375 3215 loquitur,
396 3145 493 3214 caret,
514 3134 649 3198 subsidia
670 3137 765 3199 solum
786 3147 816 3200 et
836 3137 1029 3200 instrumenta
1048 3135 1121 3198 artis
1144 3153 1219 3210 esse,
1239 3147 1295 3194 non

226 3219 323 3301 ipsam
347 3229 450 3287 artent.
493 3222 556 3286 llos
576 3223 670 3302 igitur
694 3224 876 3304 potissimum
903 3239 980 3303 quae
1001 3221 1152 3284 illustrent
1174 3221 1296 3301 igunae,

225 3315 258 3368 nt
280 3325 299 3368 a
318 3305 484 3370 dialecticis
506 3311 668 3372 arcessitae
694 3312 726 3371 in
746 3311 859 3390 poesi
888 3309 1066 3371 accessio
1088 3316 1200 3370 tantum
1222 3310 1295 3376 sunt,

224 3391 286 3468 ita,
315 3391 366 3473 qui
392 3392 493 3456 Ouidii
521 3394 609 3457 modo
640 3412 693 3458 eas
722 3395 808 3459 unice
835 3395 963 3475 expetit,
992 3411 1031 3455 nc
1059 3393 1162 3456 rbetor
1188 3391 1294 3474 potius,

225 3495 314 3559 mam
335 3488 428 3559 poeta
446 3479 512 3542 inre
533 3481 688 3557 habeatnr,
705 3499 824 3545 uereor.
867 3480 971 3562 Neque
989 3480 1064 3542 enim
1084 3480 1144 3542 ista
1163 3477 1295 3541 similiter

149 3633 152 3642 ,
224 3562 392 3626 cadentium
408 3565 620 3629 uocabulorum
641 3567 850 3645 tintinnabula,
871 3569 1045 3649 quibuscum
1059 3564 1175 3646 igunae
1195 3565 1294 3627 rbetu·

223 3649 307 3713 ricae
327 3659 435 3713 natura
457 3671 511 3714 sua
535 3654 710 3717 coniunctae
731 3672 849 3736 semper
869 3660 1028 3736 apparent,
1053 3668 1190 3733 quaeque
1216 3645 1294 3712 anri·

223 3734 297 3811 bus,
325 3736 351 3797 si
373 3755 462 3801 rarae
483 3739 595 3802 fuerint
617 3747 647 3802 et
673 3758 738 3803 cum
760 3740 872 3806 iudicio
894 3738 1064 3814 adhibitae,
1091 3755 1151 3799 non
1176 3738 1292 3815 ingrate

223 3838 298 3884 sono
320 3821 526 3902 blandiuntur,
541 3826 671 3911 'altioris
693 3827 830 3909 spiritus,
852 3844 939 3910 (Ιαααι
958 3822 1088 3906 perdere
1109 3823 1221 3896 solent,
1243 3817 1292 3880 de·
1374 3897 1375 3900 Ἴ

223 3906 368 3971 siderium
393 3927 522 3991 unquam
547 3913 718 3994 explebunt.
759 3913 867 3993 lnmo,
892 3912 920 3976 si
945 3910 1077 3991 undique
1105 3917 1173 3973 sunt
1199 3902 1292 3974 obvias

223 3995 379 4075 strepitum
413 3997 533 4060 ciebunt
561 4001 612 4064 uix
643 4000 842 4064 tolerabilem.
892 3999 1042 4077 Quocirca
1073 3989 1291 4077 Propertio,

223 4097 310 4161 quem
335 4079 385 4144 rel
407 4098 471 4144 cnm
496 4083 619 4147 Tibullo
648 4094 848 4170 comparatum
877 4083 1084 4152 rarissime
1110 4081 1159 4144 bis
1188 4073 1290 4158 figuris

221 4184 306 4230 usum
327 4183 394 4229 essa
419 4167 510 4230 facile
533 4171 659 4247 sentias,
687 4181 769 4235 tanto
797 4171 893 4251 magis
919 4189 956 4233 ea
981 4167 1164 4254 parsimonia
1191 4169 1290 4246 gratu·

220 4250 314 4314 landa
334 4261 396 4326 est,
418 4264 529 4334 quanto
552 4255 718 4321 lectioni
740 4259 948 4340 potiusquam
970 4255 1118 4320 actioni
1141 4253 1204 4315 eius
1226 4262 1289 4310 oar·
1374 4291 1375 4330 ἐ

221 4339 302 4403 mina
322 4337 470 4405 destinata
487 4341 608 4409 luerunt
628 4340 683 4425 (ol.
701 4343 754 4424 lll,
774 4347 805 4423 3,
822 4347 874 4410 le.
894 4343 932 4424 ll,
951 4345 1004 4424 13,
1024 4345 1075 4408 11.
1097 4338 1150 4418 ΠΙ,
1168 4342 1198 4418 l»
1217 4327 1289 4409 ¹⁷·)³
