2848 4972
467 365 682 434 PROPERTII
702 365 766 432 ΕΙ..
784 365 830 444 11,
852 363 908 431 3⁰.

625 574 737 650 XXX.

144 777 162 792 ⁸
188 691 281 800 Quo
302 713 394 803 fugis
417 713 461 781 ah
483 713 649 783 demens?
670 716 760 783 nulla
778 724 834 785 est
852 719 942 810 fuga.
961 725 998 788 lu
1016 720 1095 792 licet
1113 745 1220 814 usque

232 815 287 881 Ad
308 819 436 884 Tanain
458 820 591 907 fugias:
614 837 721 904 usque
743 830 907 908 sequetur
923 824 1034 894 Amor.

186 917 262 983 Nun
282 921 313 985 si
334 920 487 1009 Pegaseo
509 923 655 986 vecteris
678 923 711 985 in
732 937 812 986 aere
835 920 945 1002 derso,

230 1023 303 1089 Nec
325 1025 385 1090 tibi
406 1026 438 1089 si
459 1026 577 1091 Persei
599 1025 741 1092 moverit
763 1023 818 1091 ala
839 1023 957 1112 pedes,
1039 1103 1040 1116 χ

155 1121 250 1188 ⁵Vel
272 1127 303 1191 si
324 1132 359 1194 te
381 1134 496 1193 sectae
518 1131 649 1214 rapiant
670 1128 834 1194 talaribus
855 1147 974 1196 aurae:

229 1227 285 1292 Nil
305 1230 364 1294 tibi
384 1231 542 1296 Mercurii
563 1228 710 1316 proderit
733 1229 801 1294 alta
822 1231 888 1294 via.

185 1327 296 1397 Instat
318 1351 448 1418 semper
468 1335 570 1400 Amor
592 1353 692 1418 supra
715 1339 830 1417 caput:
853 1335 957 1399 instat
976 1339 1110 1425 amanti,

229 1431 277 1498 Et
296 1439 414 1522 gravis
436 1439 510 1522 ipsc
533 1453 635 1522 super
656 1436 760 1501 libera
782 1434 866 1501 eolla
888 1435 995 1504 sedet.

184 1531 342 1603 Excubat
362 1539 417 1604 ille
440 1556 520 1604 acer
543 1547 656 1606 custus
680 1546 715 1604 et
736 1539 852 1604 tollere
874 1559 1049 1627 numquam

143 1653 172 1698 ¹⁰
232 1643 281 1708 Te
303 1647 445 1729 patietur
467 1641 563 1710 humo
585 1627 708 1709 lumina
730 1650 827 1729 capta
850 1643 963 1710 semel.

189 1741 238 1810 Et
260 1746 324 1810 iam
346 1749 377 1812 si
399 1761 537 1834 pecces,
560 1745 643 1812 dens
668 1745 846 1812 exorabilis
868 1745 923 1811 ille
946 1752 1010 1832 est,

229 1845 270 1911 Si
289 1847 384 1912 mcdc
406 1850 594 1934 praesentis
615 1845 738 1912 viderit
760 1863 839 1912 esse
861 1863 991 1932 preces·

177 1948 257 2016 leta
279 1969 379 2017 senes
401 1953 478 2019 licet
500 1959 661 2018 accusent
682 1952 836 2016 convivia
859 1948 949 2015 duri:

228 2056 300 2120 Nes
322 2056 417 2122 modu
439 2059 657 2142 propositum,
679 2056 766 2128 vita,
789 2060 935 2119 teramus
958 2055 1033 2120 iter.

142 2167 169 2212 15
185 2153 315 2222 Illorum
338 2161 482 2243 antiquis
505 2165 681 2223 onerentur
704 2156 836 2244 legibus
856 2169 971 2220 aures:

227 2265 293 2331 Hic
314 2265 406 2330 lacus
431 2271 501 2348 est,
524 2267 559 2330 iu
580 2283 662 2348 quc,
686 2265 768 2328 tibia
791 2260 906 2343 docta,
929 2279 1045 2346 senec,

184 2366 279 2451 Quae
301 2387 365 2433 nun
386 2371 457 2434 iure
473 2367 562 2432 vade
579 2364 753 2432 Maeandri
774 2367 863 2429 iacta
884 2367 1021 2450 natasti,

227 2471 352 2556 Turpia
374 2489 446 2537 eum
469 2470 597 2537 faceret
618 2467 765 2534 Palladis
788 2486 847 2533 ura
868 2473 984 2534 tumor.

184 2573 281 2639 Nune
302 2576 385 2655 iam,
407 2574 505 2654 dure,
531 2591 632 2661 paras
655 2571 824 2658 Phrygias
845 2567 932 2638 n'unc
954 2574 1005 2638 ire
1025 2590 1086 2658 per
1105 2569 1214 2640 undas

139 2688 167 2733 w
229 2674 277 2742 Et
297 2683 411 2761 petere
431 2676 581 2760 Hyrcani
602 2675 700 2740 litura
721 2680 824 2740 nauta
844 2675 979 2754 maris.
1002 2714 1009 2726 ,

186 2777 359 2868 Spargere
382 2787 416 2846 et
438 2781 566 2845 alterna
587 2795 775 2860 communes
798 2776 903 2843 caede
925 2778 1071 2844 Penates

226 2882 274 2949 Et
295 2883 383 2948 ferre
405 2882 447 2948 ad
471 2887 597 2968 patrius
620 2885 768 2968 praemia
790 2880 863 2946 dira
885 2882 1009 2946 Lares!

182 2984 258 3052 Una
279 2991 467 3050 contentum
487 2984 610 3069 pudeat
631 3003 684 3049 me
705 2986 824 3048 vivere
847 2979 978 3048 amica?

225 3085 300 3152 Huc
320 3087 351 3150 si
373 3087 496 3151 crimen
519 3087 599 3170 erit,
622 3087 746 3173 crimen
768 3085 901 3151 Amoris
924 3085 1003 3150 erit:

132 3385 137 3400 ,
209 3325 301 3394 XXX,
320 3332 346 3388 ,1.
366 3325 470 3381 hant.
497 3327 575 3397 lieclq
594 3344 686 3396 pmcn.
704 3328 756 3382 Hb.
843 3331 869 3381 2.
889 3325 988 3379 tanaim
1007 3329 1042 3382 a.
1060 3325 1109 3394 A„
1136 3326 1217 3382 than.
1320 3312 1323 3325 ’
1357 3323 1365 3340 “

141 3411 197 3466 him
218 3414 268 3475 6.,
295 3417 404 3464 tantam.
492 3417 519 3464 3.
541 3413 653 3465 verteris
672 3429 697 3464 c.
717 3429 759 3480 u.‚
785 3411 897 3463 vecteris
915 3412 949 3465 D.
965 3413 1001 3462 H.
1023 3411 1052 3464 V.
1070 3411 1110 3465 M.
1129 3412 1217 3482 Peru,

125 3493 239 3552 ,veteris
251 3494 302 3549 Hb.
321 3511 400 3547 eaere
411 3496 447 3548 N.
500 3500 526 3550 5.
541 3505 632 3564 septae
643 3499 685 3566 G„
705 3502 805 3564 septem
820 3499 870 3562 M„
891 3483 1009 3548 secretae
1022 3497 1056 3553 D.
1106 3501 1218 3549 limer-

141 3581 198 3636 curi
222 3581 260 3632 N.
346 3585 372 3633 7.
397 3579 491 3649 supra]
511 3599 616 3648 semper
633 3585 673 3636 M.
757 3585 784 3636 8.
804 3585 839 3633 nt
856 3584 892 3634 H.
979 3586 1006 3634 9.
1033 3595 1161 3646 nusquam
1183 3583 1217 3635 G.

142 3663 237 3732 11.ei]
257 3682 346 3732 sepe.
366 3681 400 3720 m.
418 3664 469 3716 Hb.
496 3672 537 3716 est
557 3683 607 3722 ona.
628 3671 663 3720 H.
734 3671 775 3718 12.
801 3661 964 3732 praesenleis
982 3663 1012 3713 P.
1032 3677 1073 3730 a.‚
1092 3679 1219 3730 praesen·

140 3759 182 3804 tes
200 3753 235 3824 H.
255 3747 328 3817 esse]
346 3749 393 3801 ille
414 3750 444 3804 V.
517 3757 556 3800 13.
575 3757 657 3802 senex
674 3767 763 3818 pum.
777 3750 827 3805 le.
846 3755 985 3816 acenssent
1003 3747 1054 3800 Hb.
1118 3753 1160 3803 14.
1179 3751 1220 3805 vi·
1307 3790 1309 3792 -

142 3842 169 3889 te
187 3839 223 3890 H.
248 3840 365 3886 teramus
385 3836 424 3888 M.
499 3840 539 3889 15.
560 3836 964 3901 oneranturN.‚ornenturG.
1037 3839 1079 3886 16.
1100 3834 1219 3887 libiiam
1315 3899 1317 3908 .
1415 3829 1416 3846 ¹

141 3940 185 3991 pr.
203 3939 239 3974 m.
256 3919 309 3973 Hb.
330 3927 409 3972 sonet
424 3937 449 3973 r.
461 3922 496 3978 D.
508 3924 544 3975 H.
559 3923 589 3974 V.
603 3924 641 3977 M.
713 3928 753 3976 17.
772 3919 911 3991 menandri
930 3918 993 3986 (alc)
1007 3919 1062 3988 N.,
1082 3921 1220 3973 menandri

145 4011 178 4064 G.
195 4024 239 4075 r.,
258 4006 412 4058 meneandri
431 4006 483 4063 Hb.
557 4011 598 4065 18.
617 4005 860 4062 partiunculam.
879 4005 945 4057 liora
964 4004 1015 4057 Hb.
1036 4005 1115 4058 timor
1134 4009 1168 4058 H.
1191 4007 1222 4062 V.

142 4096 183 4146 M.
201 4111 226 4147 r.
296 4099 338 4146 19.
357 4093 418 4145 Non
436 4111 479 4162 pr.
498 4112 533 4147 m.
551 4095 589 4148 N.
607 4096 657 4160 D„
681 4093 760 4146 Nunc
778 4109 801 4145 s.
814 4109 849 4145 m.
861 4091 898 4146 N.
907 4090 960 4143 Hb.
971 4093 1007 4144 G.
1022 4092 1059 4142 R.
1083 4089 1136 4142 iam
1155 4091 1222 4142 dura

143 4195 221 4248 paras
241 4177 555 4249 e.r.11t.n.,tamen
574 4179 706 4231 immerito
725 4178 762 4230 N.
781 4179 817 4234 D.
884 4181 927 4228 ²⁰.
946 4183 1010 4225 nata
1027 4175 1078 4240 M„
1097 4176 1161 4226 uota
1179 4189 1225 4226 rc·

144 4265 207 4329 liqrci
225 4278 321 4316 omncs.
392 4267 435 4318 21.
456 4265 641 4332 Spargerequa
659 4267 695 4316 R.
709 4262 760 4316 Hl.
776 4280 814 4332 n..
832 4276 960 4331 spargere
976 4265 1005 4313 et
1021 4261 1060 4316 11.
1074 4258 1104 4312 V.
1123 4273 1224 4328 poena-

145 4357 186 4404 tes
204 4351 258 4408 Hb.
320 4356 365 4408 22.
384 4352 465 4420 digua
486 4355 517 4412 V.
534 4357 584 4425 G..
607 4341 688 4421 lunga
704 4355 741 4413 H.
