2834 4972
248 372 301 450 50
559 381 752 440 Quaestionum
773 381 855 436 Liber
871 383 1013 439 amandus.

130 579 133 585 ·
250 545 657 646 ’speculov,’16paupoc,
681 551 932 637 Βακχέβανχος.
983 553 1065 620 Idem
1096 572 1171 620 reso
1199 550 1329 618 llacbius

253 643 359 709 libello
379 644 436 705 hoc
453 643 589 718 omnium,
602 658 676 724 quos
697 659 734 704 co
751 643 782 704 in
798 651 973 722 argumento
992 643 1124 726 scripsit,
1143 651 1177 705 ut
1197 650 1328 706 extremo

254 732 299 795 ita
321 747 393 792 sane
415 727 600 804 doctissimo,
621 727 710 791 evicit
728 728 903 792 uocabulum
925 719 1037 811 ἔλεγες
1057 730 1187 811 primum
1209 735 1239 789 ct
1259 741 1330 807 pro-

254 816 323 899 prie
352 814 522 894 significare
552 831 671 877 carmen
697 812 826 894 lugubre
855 811 894 876 etl
921 814 1023 876 tibiam
1050 824 1220 887 cantatum;
1250 808 1329 892 quod

254 919 320 964 cum
341 901 391 966 uix
411 899 500 964 aliter
526 917 614 981 quam
633 899 849 964 alternantibus
876 901 1053 964 hexametris
1076 910 1107 965 ct
1134 897 1327 981 pentametris

254 986 390 1052 uersibus
412 987 604 1068 compositum
626 985 749 1065 luisset,
776 987 886 1050 factum
913 987 981 1049 hinc
1009 981 1155 1070 ἐλεγεῖον
1185 999 1253 1046 esse
1281 988 1331 1044 ant

255 1091 372 1139 uersum
392 1071 439 1134 illi
460 1073 565 1152 generi
586 1073 756 1155 proprium,
778 1081 830 1140 ant
856 1071 923 1154 (qui
946 1091 1014 1142 usus
1036 1081 1147 1154 postea
1171 1068 1330 1152 plurimum

138 1167 141 1174 '
253 1158 379 1240 valuit),
406 1155 561 1221 distichum
586 1175 624 1220 ex
643 1159 767 1222 heroico
793 1175 883 1223 versu
909 1166 940 1221 et
966 1166 1152 1240 pentametro
1182 1151 1330 1235 composi-

254 1252 330 1322 run,
356 1237 549 1328 ἐλεγείαν
576 1253 690 1321 autem,
717 1262 836 1308 carmen
862 1243 973 1308 tehibns
994 1243 1131 1308 distichis
1151 1247 1329 1311 contextum,

255 1338 362 1412 postea
390 1327 505 1394 hemum
532 1337 562 1392 ct
587 1330 712 1412 primum
739 1330 857 1412 quidem
885 1328 1166 1393 aGallimacho
1196 1319 1330 1406 ἐλέγους

255 1423 288 1480 st
314 1417 417 1496 elegos
444 1415 600 1479 aLutinis
629 1415 667 1478 de
693 1417 825 1480 carmine
847 1413 992 1497 'elegiaco
1018 1416 1116 1480 dictos
1142 1429 1220 1476 esse.
1270 1408 1331 1470 lam

253 1517 327 1567 uero
348 1509 483 1565 naturum
502 1501 640 1566 carminis
662 1500 790 1582 elegisti
812 1502 917 1565 cirin
934 1503 1087 1584 propriam
1108 1494 1330 1583 quaerentibus,

254 1586 296 1651 acl
316 1606 402 1669 quam
422 1590 504 1652 uelut
524 1585 565 1650 ud
584 1597 716 1650 normam
735 1586 881 1671 qnondam
899 1597 1072 1670 perpetuam
1095 1587 1188 1652 totius
1209 1580 1330 1662 generis

222 1721 224 1726 ,
253 1674 328 1737 lines
350 1683 492 1738 accurate
512 1673 681 1754 exigamus,
706 1677 832 1756 primunr
852 1674 884 1737 in
904 1675 972 1756 ipso
995 1684 1089 1737 metro
1112 1664 1330 1746 subsistendum

255 1776 323 1822 esse
350 1777 388 1824 cx
415 1759 471 1834 iis,
501 1775 579 1840 puae
602 1759 640 1822 cle
662 1762 781 1842 origine
803 1760 885 1825 nocis
904 1760 1130 1843 proposuimus,
1157 1750 1329 1850 necessario

257 1844 402 1926 sequitur.
444 1844 548 1927 ltaque
569 1845 811 1911 Aristoteles
834 1863 952 1928 quoque
970 1847 1049 1926 (Art.
1070 1853 1154 1928 poet.
1170 1841 1269 1919 init.):
1291 1853 1330 1897 οι

255 1917 495 2015 ἅνθρωποι,
517 1931 626 2011 inquit,
649 1925 870 2006 συνάπτοντες
888 1930 937 2014 τῷ
956 1930 1059 2016 μέερ
1079 1953 1095 1992 ο
1118 1921 1164 1992 τὸ
1186 1918 1329 1989 ποιεῖν

199 2089 201 2094 ,
255 2009 588 2100 ἐλεγειοποιούς,
608 2010 687 2091 τούς
702 2014 740 2080 δὲ
759 2011 943 2090 lascoube
964 1952 1186 2096 ὄνομάῖουσιν
1204 2001 1264 2088 οὔχ
1284 1998 1329 2078 w‘G

255 2093 353 2179 [τοὺς]
375 2095 459 2162 κατὰ
476 2094 613 2184 μίμησιν
635 2095 788 2186 ποιητὰς,
809 2093 895 2165 ἀλλὰ
916 2121 1039 2186 κοινῃ
1061 2094 1170 2164 κατὰ
1192 2092 1237 2160 τὸ
1259 2086 1328 2174 μέ-

254 2203 353 2270 τρον
378 2180 688 2271 προςαγορεύονεες.
736 2188 818 2265 Quos
844 2196 960 2251 secutus
980 2189 1058 2267 Aug.
1082 2187 1165 2253 Guil.
1186 2182 1330 2257 Schlege-

254 2269 318 2334 lius
337 2272 429 2353 (Opp.
448 2273 527 2336 critt.
550 2282 571 2335 t.
588 2274 613 2335 I.
631 2291 661 2354 p.
676 2277 729 2337 33.
748 2275 779 2336 in
801 2290 927 2336 censura
947 2273 1111 2354 elegiarum
1136 2269 1255 2338 Gocthii
1272 2265 1332 2328 Rc·

254 2364 422 2437 manarum)
447 2366 476 2421 et
495 2357 561 2438 ipsc
580 2357 612 2421 in
630 2358 697 2421 solo
718 2376 808 2423 uersu
828 2357 1013 2422 differentiae
1031 2361 1089 2423 rim
1110 2359 1243 2441 positam
1267 2362 1329 2414 esse

256 2442 387 2506 censuit·
422 2442 571 2530 llactenus
598 2443 717 2528 quidem
743 2453 840 2520 recte,
868 2443 895 2507 si
923 2445 1075 2526 antiquum
1100 2441 1223 2510 dicendi
1249 2451 1329 2501 usum

255 2527 382 2603 referre,
405 2545 492 2609 quam
511 2530 591 2592 reris
611 2531 718 2594 linibus
739 2538 768 2593 et
789 2547 828 2593 cx
847 2542 1023 2611 argumento
1044 2531 1149 2613 petitis
1170 2543 1255 2592 omne
1274 2523 1329 2586 hot

257 2629 351 2692 genus
371 2613 614 2680 circumscribere
636 2615 748 2680 meluit.
791 2616 908 2680 Etenim
929 2634 994 2680 cum
1016 2627 1147 2695 constet,
1172 2633 1231 2678 non
1254 2604 1329 2672 omni

245 2700 304 2762 ,rei
325 2698 448 2768 eandem
467 2701 593 2764 lormom
615 2719 681 2767 esse
703 2711 818 2784 aptam,
841 2712 871 2766 et
890 2705 986 2785 ipsam
1007 2705 1174 2782 argumenti
1194 2707 1327 2763 naturam

256 2783 506 2852 accommodatum
524 2788 581 2849 sibi
603 2797 632 2852 ct
650 2790 804 2871 peculiare
823 2805 987 2871 procreare
1008 2799 1131 2853 metrum
1152 2791 1198 2863 (ut
1218 2786 1248 2847 in
1268 2790 1327 2843 tra-

254 2871 368 2951 goedia
388 2870 467 2935 idem
480 2872 657 2939 Aristoteles
678 2883 760 2958 poet.
779 2891 805 2940 c.
820 2878 852 2938 4.
874 2865 958 2958 οὖνὴ
980 2863 1001 2958 ἡ
1025 2867 1125 2959 φύσις
1146 2867 1185 2936 τὸ
1209 2862 1326 2934 οἰκεῖον

255 2953 377 3043 μέτρον
407 2943 532 3043 stipem:
565 2960 636 3040 quin
666 2960 775 3025 Graeci
807 2961 897 3043 primi
932 2959 1050 3040 elegiae
1078 2960 1249 3023 intentores
1281 2966 1327 3022 0⁰2

256 3059 317 3124 quo
335 3050 404 3107 autc
425 3059 525 3108 omnes
544 3046 672 3131 populos
694 3046 896 3122 excellebant,
916 3045 1034 3126 pulchri
1056 3053 1086 3108 ct
1104 3044 1220 3109 venusti
1241 3053 1326 3102 sensu

255 3125 338 3192 hucti
359 3129 513 3192 distichum
528 3146 646 3212 quoque
660 3131 825 3211 elegiacum
844 3132 934 3196 certis
955 3131 1051 3194 solum
1069 3131 1215 3213 poematis
1236 3123 1327 3207 aptio·

255 3213 359 3277 simam
378 3214 505 3277 formam
525 3215 681 3294 elegerint,
703 3217 840 3282 dubitare
861 3217 947 3280 netas
968 3215 1093 3281 uidetur.
1137 3218 1212 3280 Nam
1232 3221 1326 3292 neque

256 3300 387 3379 elegiam
410 3299 480 3363 eliis
507 3319 596 3380 mam
622 3303 787 3385 imparibus
812 3303 945 3368 versibus
974 3305 1114 3386 scriptam
1135 3303 1227 3366 ullam
1249 3288 1326 3377 apud

254 3393 374 3448 ueteres
394 3384 545 3474 inuenies,
567 3405 664 3469 neque
685 3387 791 3453 iisdem
810 3391 944 3454 versibus
965 3389 1094 3453 cuiusvis
1116 3389 1236 3470 generis
1255 3397 1325 3465 pot·

254 3478 336 3533 mata
357 3473 531 3553 conposita.
573 3473 676 3538 Nihilo
698 3484 795 3539 tamen
820 3477 914 3539 minus
933 3475 1125 3550 Aristoteles,
1152 3492 1217 3539 cum
1245 3479 1326 3531 nsunt

254 3555 341 3620 illum
361 3555 481 3622 dicendi
500 3555 655 3638 uulgarem
675 3560 823 3643 improbet
844 3561 881 3642 (l.
899 3560 952 3641 1.),
974 3561 1031 3624 hcc
1052 3561 1146 3643 probe
1169 3570 1200 3624 et
1225 3551 1326 3636 impri-

254 3641 312 3704 mis
340 3650 427 3707 acute
454 3641 574 3708 ridetur
600 3649 806 3728 perspexisse,
838 3655 1007 3731 poematum
1028 3645 1235 3710 ¹‹leibniticuem
1261 3637 1326 3702 sola

255 3745 444 3794 numerorum
467 3729 636 3795 hillerentia
662 3750 720 3795 non
747 3733 908 3810 contineri,
936 3740 992 3796 nac
1014 3733 1143 3797 llomerc
1171 3741 1201 3796 ct
1221 3729 1326 3805 Empe·

254 3812 353 3892 docli,
373 3833 549 3898 quamquem
568 3826 693 3900 uterque
714 3810 780 3904 ἔντη
800 3820 956 3902 scripsisse
976 3819 1067 3901 uulgo
1089 3817 1220 3892 dicatur,
1242 3807 1326 3894 qnid-

255 3915 344 3981 quam
373 3911 495 3983 praeter
520 3919 637 3966 tersum
669 3923 735 3968 csse
762 3923 927 3970 commune:
962 3905 993 3966 in
1022 3907 1325 3985 argumentorum

254 3987 333 4050 enim
356 3988 474 4051 ratione
494 4006 634 4053 summam
653 3993 755 4072 poesis
777 3992 920 4073 cuiusque
941 3991 1028 4054 situm
1051 4009 1135 4069 esse,
1163 3991 1232 4053 binc
1260 3998 1326 4062 ge·

252 4088 380 4138 nerum
400 4073 504 4138 lines
524 4086 555 4140 et
576 4095 676 4140 suum
696 4079 804 4157 cuique
824 4077 929 4158 generi
947 4093 1080 4141 nomen
1101 4077 1220 4149 rectins,
1239 4081 1324 4150 quam

251 4159 344 4241 uulgo
365 4159 466 4238 lieret,
492 4163 599 4242 repeti.
642 4157 708 4226 Διὸ
729 4159 788 4226 τὸν
810 4158 871 4242 μὲν
892 4155 1036 4248 conparis
1058 4155 1188 4226 δίκαιον
1210 4152 1324 4238 λέγειν’

251 4239 310 4308 τὸν
337 4241 375 4310 δὲ
403 4239 606 4331 φυσιόλογον
634 4244 762 4328 μᾶλλον
784 4238 808 4332 ἢ
829 4243 982 4334 ποιητήν.
1028 4248 1090 4312 Sed
1113 4267 1150 4312 ne
1171 4233 1323 4333 Aristoteli

250 4333 386 4399 obsecuti
406 4336 550 4398 communi
571 4334 715 4419 loquendi
735 4335 952 4412 consuetudini,
973 4353 1061 4418 quam
1079 4343 1109 4400 ct
1131 4325 1323 4414 accquissim
