<?xml version="1.0" encoding="UTF-8"?>
<!DOCTYPE html PUBLIC "-//W3C//DTD XHTML 1.0 Transitional//EN"
    "http://www.w3.org/TR/xhtml1/DTD/xhtml1-transitional.dtd">
<html xmlns="http://www.w3.org/1999/xhtml" xml:lang="en" lang="en">
 <head>
  <title>
</title>
<meta http-equiv="Content-Type" content="text/html;charset=utf-8" />
  <meta name='ocr-system' content='tesseract 3.04.00' />
  <meta name='ocr-capabilities' content='ocr_page ocr_carea ocr_par ocr_line ocrx_word'/>
</head>
<body>
  <div class='ocr_page' id='page_1' title='image "./sexaureliiprope02propgoog_0151.png"; bbox 0 0 2762 4972; ppageno 0'>
   <div class='ocr_carea' id='block_1_1' title="bbox 421 399 1162 485">
    <p class='ocr_par' dir='ltr' id='par_1_1' title="bbox 421 399 1162 485">
     <span class='ocr_line' id='line_1_1' title="bbox 421 399 1162 485; baseline 0.013 -15"><span class='ocrx_word' id='word_1_1' title='bbox 421 413 510 485; x_wconf 82' lang='lat' dir='ltr'><strong>Caput</strong></span> <span class='ocrx_word' id='word_1_2' title='bbox 528 412 574 469; x_wconf 82' lang='lat' dir='ltr'><strong>Vl.</strong></span> <span class='ocrx_word' id='word_1_3' title='bbox 609 413 651 470; x_wconf 84' lang='lat' dir='ltr'><strong>Da</strong></span> <span class='ocrx_word' id='word_1_4' title='bbox 670 413 830 472; x_wconf 74' lang='lat' dir='ltr'><strong>elocutione.</strong></span> <span class='ocrx_word' id='word_1_5' title='bbox 1086 399 1162 480; x_wconf 70' lang='lat'><strong>133</strong></span> 
     </span>
    </p>
   </div>
   <div class='ocr_carea' id='block_1_2' title="bbox 84 569 1250 760">
    <p class='ocr_par' dir='ltr' id='par_1_2' title="bbox 84 569 1250 760">
     <span class='ocr_line' id='line_1_2' title="bbox 86 569 1250 670; baseline 0.002 -18"><span class='ocrx_word' id='word_1_6' title='bbox 86 606 121 652; x_wconf 85' lang='lat' dir='ltr'><strong>ex</strong></span> <span class='ocrx_word' id='word_1_7' title='bbox 146 581 202 650; x_wconf 87' lang='lat' dir='ltr'><strong>illo</strong></span> <span class='ocrx_word' id='word_1_8' title='bbox 233 604 307 650; x_wconf 90' lang='lat' dir='ltr'><strong>nou</strong></span> <span class='ocrx_word' id='word_1_9' title='bbox 340 569 549 650; x_wconf 82' lang='lat' dir='ltr'><strong>revocatur-</strong></span> <span class='ocrx_word' id='word_1_10' title='bbox 579 585 660 670; x_wconf 91' lang='lat' dir='ltr'><strong>apud</strong></span> <span class='ocrx_word' id='word_1_11' title='bbox 689 588 817 655; x_wconf 81' lang='lat' dir='ltr'><strong>animum</strong></span> <span class='ocrx_word' id='word_1_12' title='bbox 843 585 1048 670; x_wconf 74' lang='lat' dir='ltr'><strong>mingendum</strong></span> <span class='ocrx_word' id='word_1_13' title='bbox 1072 607 1155 668; x_wconf 80' lang='lat' dir='ltr'><strong>esset</strong></span> <span class='ocrx_word' id='word_1_14' title='bbox 1248 611 1250 618; x_wconf 66' lang='grc'>’</span> 
     </span>
     <span class='ocr_line' id='line_1_3' title="bbox 84 673 865 760; baseline 0 -22"><span class='ocrx_word' id='word_1_15' title='bbox 84 673 147 738; x_wconf 86' lang='lat' dir='ltr'><strong>sed</strong></span> <span class='ocrx_word' id='word_1_16' title='bbox 169 675 422 757; x_wconf 77' lang='lat' dir='ltr'><strong>permittitur.</strong></span> <span class='ocrx_word' id='word_1_17' title='bbox 467 674 631 746; x_wconf 86' lang='lat' dir='ltr'><strong>Praeterea</strong></span> <span class='ocrx_word' id='word_1_18' title='bbox 652 675 692 739; x_wconf 87' lang='lat' dir='ltr'><strong>ci.</strong></span> <span class='ocrx_word' id='word_1_19' title='bbox 714 675 812 760; x_wconf 76' lang='lat'><strong>§.11.</strong></span> <span class='ocrx_word' id='word_1_20' title='bbox 861 731 865 738; x_wconf 94' lang='lat'><strong>.</strong></span> 
     </span>
    </p>
   </div>
   <div class='ocr_carea' id='block_1_3' title="bbox 395 815 844 886">
    <p class='ocr_par' dir='ltr' id='par_1_3' title="bbox 395 815 844 886">
     <span class='ocr_line' id='line_1_4' title="bbox 395 815 844 886; baseline 0.004 -16"><span class='ocrx_word' id='word_1_21' title='bbox 395 815 423 886; x_wconf 54' lang='grc' dir='ltr'><strong>ἦ.</strong></span> <span class='ocrx_word' id='word_1_22' title='bbox 443 823 485 872; x_wconf 84' lang='grc'><strong>11.</strong></span> <span class='ocrx_word' id='word_1_23' title='bbox 520 817 751 886; x_wconf 85' lang='lat' dir='ltr'><strong>Praepositionnm</strong></span> <span class='ocrx_word' id='word_1_24' title='bbox 769 835 844 872; x_wconf 85' lang='lat' dir='ltr'><strong>usus.</strong></span> 
     </span>
    </p>
   </div>
   <div class='ocr_carea' id='block_1_4' title="bbox 81 918 1154 1688">
    <p class='ocr_par' dir='ltr' id='par_1_4' title="bbox 81 918 1154 1688">
     <span class='ocr_line' id='line_1_5' title="bbox 182 918 1154 1005; baseline 0.001 -22"><span class='ocrx_word' id='word_1_25' title='bbox 182 918 298 983; x_wconf 84' lang='lat' dir='ltr'><strong>Eadem</strong></span> <span class='ocrx_word' id='word_1_26' title='bbox 322 920 471 996; x_wconf 81' lang='lat' dir='ltr'><strong>brevitas,</strong></span> <span class='ocrx_word' id='word_1_27' title='bbox 501 919 604 984; x_wconf 89' lang='lat' dir='ltr'><strong>eadem</strong></span> <span class='ocrx_word' id='word_1_28' title='bbox 627 938 664 984; x_wconf 86' lang='lat' dir='ltr'><strong>ex</strong></span> <span class='ocrx_word' id='word_1_29' title='bbox 688 922 754 1002; x_wconf 88' lang='lat' dir='ltr'><strong>ipso</strong></span> <span class='ocrx_word' id='word_1_30' title='bbox 777 920 913 1004; x_wconf 87' lang='lat' dir='ltr'><strong>periculo</strong></span> <span class='ocrx_word' id='word_1_31' title='bbox 942 923 1035 1005; x_wconf 86' lang='lat' dir='ltr'><strong>petitu</strong></span> <span class='ocrx_word' id='word_1_32' title='bbox 1061 922 1154 1003; x_wconf 85' lang='lat' dir='ltr'><strong>signi-</strong></span> 
     </span>
     <span class='ocr_line' id='line_1_6' title="bbox 83 1005 1154 1092; baseline 0.002 -24"><span class='ocrx_word' id='word_1_33' title='bbox 83 1006 209 1081; x_wconf 82' lang='lat' dir='ltr'><strong>ficantia,</strong></span> <span class='ocrx_word' id='word_1_34' title='bbox 233 1006 336 1070; x_wconf 90' lang='lat' dir='ltr'><strong>eadem</strong></span> <span class='ocrx_word' id='word_1_35' title='bbox 355 1005 481 1088; x_wconf 86' lang='lat' dir='ltr'><strong>denique</strong></span> <span class='ocrx_word' id='word_1_36' title='bbox 503 1007 693 1087; x_wconf 85' lang='lat' dir='ltr'><strong>interpretum</strong></span> <span class='ocrx_word' id='word_1_37' title='bbox 711 1009 813 1089; x_wconf 89' lang='lat' dir='ltr'><strong>inopia</strong></span> <span class='ocrx_word' id='word_1_38' title='bbox 829 1009 957 1086; x_wconf 90' lang='lat' dir='ltr'><strong>consilii,</strong></span> <span class='ocrx_word' id='word_1_39' title='bbox 978 1027 1041 1072; x_wconf 89' lang='lat' dir='ltr'><strong>cum</strong></span> <span class='ocrx_word' id='word_1_40' title='bbox 1062 1027 1154 1092; x_wconf 88' lang='lat' dir='ltr'><strong>prae·</strong></span> 
     </span>
     <span class='ocr_line' id='line_1_7' title="bbox 83 1091 1153 1176; baseline 0.001 -22"><span class='ocrx_word' id='word_1_41' title='bbox 83 1094 259 1174; x_wconf 79' lang='lat' dir='ltr'><strong>positiones,</strong></span> <span class='ocrx_word' id='word_1_42' title='bbox 282 1109 359 1174; x_wconf 89' lang='lat' dir='ltr'><strong>quae</strong></span> <span class='ocrx_word' id='word_1_43' title='bbox 381 1103 489 1157; x_wconf 91' lang='lat' dir='ltr'><strong>motum</strong></span> <span class='ocrx_word' id='word_1_44' title='bbox 510 1091 681 1172; x_wconf 85' lang='lat' dir='ltr'><strong>designant,</strong></span> <span class='ocrx_word' id='word_1_45' title='bbox 703 1094 740 1155; x_wconf 91' lang='lat' dir='ltr'><strong>iis</strong></span> <span class='ocrx_word' id='word_1_46' title='bbox 761 1093 860 1156; x_wconf 82' lang='lat' dir='ltr'><strong>uerbis</strong></span> <span class='ocrx_word' id='word_1_47' title='bbox 881 1095 1013 1171; x_wconf 88' lang='lat' dir='ltr'><strong>additae,</strong></span> <span class='ocrx_word' id='word_1_48' title='bbox 1035 1097 1066 1158; x_wconf 91' lang='lat' dir='ltr'><strong>in</strong></span> <span class='ocrx_word' id='word_1_49' title='bbox 1087 1096 1153 1176; x_wconf 87' lang='lat' dir='ltr'><strong>qui·</strong></span> 
     </span>
     <span class='ocr_line' id='line_1_8' title="bbox 84 1178 1152 1261; baseline 0.003 -20"><span class='ocrx_word' id='word_1_50' title='bbox 84 1181 135 1241; x_wconf 88' lang='lat' dir='ltr'><strong>bus</strong></span> <span class='ocrx_word' id='word_1_51' title='bbox 163 1179 248 1241; x_wconf 81' lang='lat' dir='ltr'><strong>nulla</strong></span> <span class='ocrx_word' id='word_1_52' title='bbox 275 1179 398 1260; x_wconf 78' lang='lat' dir='ltr'><strong>propri-e</strong></span> <span class='ocrx_word' id='word_1_53' title='bbox 427 1178 563 1240; x_wconf 79' lang='lat' dir='ltr'><strong>mouendi</strong></span> <span class='ocrx_word' id='word_1_54' title='bbox 589 1180 671 1240; x_wconf 88' lang='lat' dir='ltr'><strong>notio</strong></span> <span class='ocrx_word' id='word_1_55' title='bbox 699 1180 792 1254; x_wconf 87' lang='lat' dir='ltr'><strong>ineat,</strong></span> <span class='ocrx_word' id='word_1_56' title='bbox 822 1181 905 1261; x_wconf 88' lang='lat' dir='ltr'><strong>ipsae</strong></span> <span class='ocrx_word' id='word_1_57' title='bbox 933 1181 1046 1244; x_wconf 88' lang='lat' dir='ltr'><strong>demum</strong></span> <span class='ocrx_word' id='word_1_58' title='bbox 1075 1181 1152 1244; x_wconf 82' lang='lat' dir='ltr'><strong>hauc</strong></span> 
     </span>
     <span class='ocr_line' id='line_1_9' title="bbox 82 1263 1152 1348; baseline -0.001 -20"><span class='ocrx_word' id='word_1_59' title='bbox 82 1266 135 1328; x_wconf 80' lang='lat' dir='ltr'><strong>dm</strong></span> <span class='ocrx_word' id='word_1_60' title='bbox 157 1263 296 1329; x_wconf 80' lang='lat' dir='ltr'><strong>ridentur</strong></span> <span class='ocrx_word' id='word_1_61' title='bbox 324 1282 502 1346; x_wconf 86' lang='lat' dir='ltr'><strong>procreare,</strong></span> <span class='ocrx_word' id='word_1_62' title='bbox 530 1265 581 1326; x_wconf 91' lang='lat' dir='ltr'><strong>nbi</strong></span> <span class='ocrx_word' id='word_1_63' title='bbox 609 1264 723 1327; x_wconf 83' lang='lat' dir='ltr'><strong>solrrtae</strong></span> <span class='ocrx_word' id='word_1_64' title='bbox 750 1266 896 1328; x_wconf 88' lang='lat' dir='ltr'><strong>orationis</strong></span> <span class='ocrx_word' id='word_1_65' title='bbox 919 1268 1047 1348; x_wconf 89' lang='lat' dir='ltr'><strong>scriptor</strong></span> <span class='ocrx_word' id='word_1_66' title='bbox 1073 1267 1152 1328; x_wconf 87' lang='lat' dir='ltr'><strong>aliua</strong></span> 
     </span>
     <span class='ocr_line' id='line_1_10' title="bbox 82 1347 1151 1432; baseline 0.003 -19"><span class='ocrx_word' id='word_1_67' title='bbox 82 1351 163 1413; x_wconf 80' lang='lat' dir='ltr'><strong>uerbi</strong></span> <span class='ocrx_word' id='word_1_68' title='bbox 191 1349 241 1413; x_wconf 83' lang='lat' dir='ltr'><strong>rel</strong></span> <span class='ocrx_word' id='word_1_69' title='bbox 269 1351 459 1432; x_wconf 87' lang='lat' dir='ltr'><strong>participium</strong></span> <span class='ocrx_word' id='word_1_70' title='bbox 485 1348 534 1413; x_wconf 84' lang='lat' dir='ltr'><strong>rel</strong></span> <span class='ocrx_word' id='word_1_71' title='bbox 563 1347 733 1412; x_wconf 81' lang='lat' dir='ltr'><strong>infinitivum</strong></span> <span class='ocrx_word' id='word_1_72' title='bbox 761 1349 896 1415; x_wconf 81' lang='lat' dir='ltr'><strong>adderet.</strong></span> <span class='ocrx_word' id='word_1_73' title='bbox 945 1353 1019 1415; x_wconf 83' lang='lat' dir='ltr'><strong>llam</strong></span> <span class='ocrx_word' id='word_1_74' title='bbox 1048 1370 1085 1416; x_wconf 90' lang='lat' dir='ltr'><strong>ne</strong></span> <span class='ocrx_word' id='word_1_75' title='bbox 1113 1351 1151 1416; x_wconf 86' lang='lat' dir='ltr'><strong>de</strong></span> 
     </span>
     <span class='ocr_line' id='line_1_11' title="bbox 81 1435 1151 1520; baseline 0.004 -22"><span class='ocrx_word' id='word_1_76' title='bbox 81 1435 242 1498; x_wconf 81' lang='lat' dir='ltr'><strong>lenioribus</strong></span> <span class='ocrx_word' id='word_1_77' title='bbox 265 1437 376 1512; x_wconf 88' lang='lat' dir='ltr'><strong>dicam,</strong></span> <span class='ocrx_word' id='word_1_78' title='bbox 396 1437 477 1499; x_wconf 80' lang='lat' dir='ltr'><strong>uelut</strong></span> <span class='ocrx_word' id='word_1_79' title='bbox 497 1435 546 1510; x_wconf 87' lang='lat' dir='ltr'><strong>tv,</strong></span> <span class='ocrx_word' id='word_1_80' title='bbox 569 1439 619 1511; x_wconf 89' lang='grc'><strong>10,</strong></span> <span class='ocrx_word' id='word_1_81' title='bbox 642 1439 709 1500; x_wconf 82' lang='grc'><strong>11.;</strong></span> <span class='ocrx_word' id='word_1_82' title='bbox 731 1438 855 1517; x_wconf 89' lang='lat' dir='ltr'><strong>„spolia</strong></span> <span class='ocrx_word' id='word_1_83' title='bbox 877 1454 914 1499; x_wconf 82' lang='lat' dir='ltr'><strong>ex</strong></span> <span class='ocrx_word' id='word_1_84' title='bbox 935 1438 1062 1500; x_wconf 88' lang='lat' dir='ltr'><strong>humeris</strong></span> <span class='ocrx_word' id='word_1_85' title='bbox 1082 1455 1151 1520; x_wconf 86' lang='lat' dir='ltr'><strong>spe·</strong></span> 
     </span>
     <span class='ocr_line' id='line_1_12' title="bbox 82 1520 1151 1601; baseline 0.003 -18"><span class='ocrx_word' id='word_1_86' title='bbox 82 1525 183 1597; x_wconf 88' lang='lat' dir='ltr'><strong>rare“,</strong></span> <span class='ocrx_word' id='word_1_87' title='bbox 206 1520 254 1584; x_wconf 87' lang='lat' dir='ltr'><strong>rel</strong></span> <span class='ocrx_word' id='word_1_88' title='bbox 276 1521 325 1596; x_wconf 82' lang='lat' dir='ltr'><strong>lv,</strong></span> <span class='ocrx_word' id='word_1_89' title='bbox 341 1525 370 1597; x_wconf 87' lang='grc'><strong>6,</strong></span> <span class='ocrx_word' id='word_1_90' title='bbox 386 1525 455 1584; x_wconf 74' lang='lat' dir='ltr'><strong>tlt:</strong></span> <span class='ocrx_word' id='word_1_91' title='bbox 478 1521 610 1596; x_wconf 85' lang='lat' dir='ltr'><strong>„taret</strong></span> <span class='ocrx_word' id='word_1_92' title='bbox 632 1539 676 1584; x_wconf 83' lang='lat' dir='ltr'><strong>ex</strong></span> <span class='ocrx_word' id='word_1_93' title='bbox 698 1523 826 1585; x_wconf 88' lang='lat' dir='ltr'><strong>humeris</strong></span> <span class='ocrx_word' id='word_1_94' title='bbox 848 1524 904 1586; x_wconf 86' lang='lat' dir='ltr'><strong>lroc</strong></span> <span class='ocrx_word' id='word_1_95' title='bbox 926 1527 1035 1601; x_wconf 90' lang='lat' dir='ltr'><strong>onus“,</strong></span> <span class='ocrx_word' id='word_1_96' title='bbox 1057 1523 1151 1587; x_wconf 87' lang='lat' dir='ltr'><strong>auda·</strong></span> 
     </span>
     <span class='ocr_line' id='line_1_13' title="bbox 82 1606 875 1688; baseline -0.001 -13"><span class='ocrx_word' id='word_1_97' title='bbox 82 1609 242 1684; x_wconf 83' lang='lat' dir='ltr'><strong>tissimum,</strong></span> <span class='ocrx_word' id='word_1_98' title='bbox 263 1606 317 1669; x_wconf 91' lang='lat' dir='ltr'><strong>sed</strong></span> <span class='ocrx_word' id='word_1_99' title='bbox 337 1607 565 1688; x_wconf 90' lang='lat' dir='ltr'><strong>pulcherrimum</strong></span> <span class='ocrx_word' id='word_1_100' title='bbox 587 1607 659 1682; x_wconf 86' lang='lat' dir='ltr'><strong>hoc,</strong></span> <span class='ocrx_word' id='word_1_101' title='bbox 681 1607 725 1684; x_wconf 91' lang='lat' dir='ltr'><strong>ll,</strong></span> <span class='ocrx_word' id='word_1_102' title='bbox 747 1610 806 1686; x_wconf 85' lang='lat'><strong>17,</strong></span> <span class='ocrx_word' id='word_1_103' title='bbox 827 1611 875 1675; x_wconf 68' lang='lat' dir='ltr'><strong>d:</strong></span> 
     </span>
    </p>
   </div>
   <div class='ocr_carea' id='block_1_5' title="bbox 250 1721 901 1794">
    <p class='ocr_par' dir='ltr' id='par_1_5' title="bbox 250 1721 901 1794">
     <span class='ocr_line' id='line_1_14' title="bbox 250 1721 901 1794; baseline 0.006 -21"><span class='ocrx_word' id='word_1_104' title='bbox 250 1723 284 1774; x_wconf 83' lang='lat' dir='ltr'><strong>Ut</strong></span> <span class='ocrx_word' id='word_1_105' title='bbox 307 1723 429 1792; x_wconf 81' lang='lat' dir='ltr'><strong>liquor</strong></span> <span class='ocrx_word' id='word_1_106' title='bbox 447 1724 533 1774; x_wconf 77' lang='lat' dir='ltr'><strong>oreott&#39;</strong></span> <span class='ocrx_word' id='word_1_107' title='bbox 549 1721 665 1788; x_wconf 72' lang='lat' dir='ltr'><strong>fallat</strong></span> <span class='ocrx_word' id='word_1_108' title='bbox 684 1722 725 1774; x_wconf 78' lang='lat' dir='ltr'><strong>ab</strong></span> <span class='ocrx_word' id='word_1_109' title='bbox 744 1739 802 1776; x_wconf 81' lang='lat' dir='ltr'><strong>ore</strong></span> <span class='ocrx_word' id='word_1_110' title='bbox 818 1725 901 1794; x_wconf 79' lang='lat' dir='ltr'><strong>silim,</strong></span> 
     </span>
    </p>
   </div>
   <div class='ocr_carea' id='block_1_6' title="bbox 2 1827 1149 2682">
    <p class='ocr_par' dir='ltr' id='par_1_6' title="bbox 2 1827 1149 2682">
     <span class='ocr_line' id='line_1_15' title="bbox 2 1827 1147 1911; baseline 0.003 -21"><span class='ocrx_word' id='word_1_111' title='bbox 2 1899 3 1902; x_wconf 8' lang='grc' dir='ltr'><strong>Ἴ</strong></span> <span class='ocrx_word' id='word_1_112' title='bbox 80 1828 128 1890; x_wconf 80' lang='lat' dir='ltr'><strong>ulti</strong></span> <span class='ocrx_word' id='word_1_113' title='bbox 154 1845 220 1891; x_wconf 90' lang='lat' dir='ltr'><strong>cnm</strong></span> <span class='ocrx_word' id='word_1_114' title='bbox 248 1827 324 1890; x_wconf 93' lang='lat' dir='ltr'><strong>illud</strong></span> <span class='ocrx_word' id='word_1_115' title='bbox 350 1830 409 1891; x_wconf 89' lang='lat' dir='ltr'><strong>iam</strong></span> <span class='ocrx_word' id='word_1_116' title='bbox 438 1829 476 1890; x_wconf 89' lang='lat' dir='ltr'><strong>sit</strong></span> <span class='ocrx_word' id='word_1_117' title='bbox 505 1827 677 1907; x_wconf 85' lang='lat' dir='ltr'><strong>egregium,</strong></span> <span class='ocrx_word' id='word_1_118' title='bbox 704 1829 783 1910; x_wconf 88' lang='lat' dir='ltr'><strong>quod</strong></span> <span class='ocrx_word' id='word_1_119' title='bbox 805 1829 908 1911; x_wconf 83' lang='lat' dir='ltr'><strong>liquor</strong></span> <span class='ocrx_word' id='word_1_120' title='bbox 934 1829 1055 1906; x_wconf 87' lang='lat' dir='ltr'><strong>sitim,</strong></span> <span class='ocrx_word' id='word_1_121' title='bbox 1077 1828 1098 1893; x_wconf 91' lang='lat' dir='ltr'><strong>l.</strong></span> <span class='ocrx_word' id='word_1_122' title='bbox 1120 1847 1147 1894; x_wconf 92' lang='lat' dir='ltr'><strong>e.</strong></span> 
     </span>
     <span class='ocr_line' id='line_1_16' title="bbox 81 1912 1148 1998; baseline 0.004 -22"><span class='ocrx_word' id='word_1_123' title='bbox 81 1917 222 1977; x_wconf 78' lang='lat' dir='ltr'><strong>sitientem</strong></span> <span class='ocrx_word' id='word_1_124' title='bbox 244 1914 402 1978; x_wconf 80' lang='lat' dir='ltr'><strong>Tantalum</strong></span> <span class='ocrx_word' id='word_1_125' title='bbox 428 1913 566 1998; x_wconf 85' lang='lat' dir='ltr'><strong>decipere</strong></span> <span class='ocrx_word' id='word_1_126' title='bbox 594 1912 702 1977; x_wconf 89' lang='lat' dir='ltr'><strong>dicitur</strong></span> <span class='ocrx_word' id='word_1_127' title='bbox 727 1915 820 1995; x_wconf 86' lang='lat' dir='ltr'><strong>(unde</strong></span> <span class='ocrx_word' id='word_1_128' title='bbox 846 1916 924 1980; x_wconf 89' lang='lat' dir='ltr'><strong>idem</strong></span> <span class='ocrx_word' id='word_1_129' title='bbox 952 1917 1048 1979; x_wconf 82' lang='lat' dir='ltr'><strong>fallax</strong></span> <span class='ocrx_word' id='word_1_130' title='bbox 1073 1916 1148 1980; x_wconf 90' lang='lat' dir='ltr'><strong>dici·</strong></span> 
     </span>
     <span class='ocr_line' id='line_1_17' title="bbox 2 1999 1148 2082; baseline 0.005 -21"><span class='ocrx_word' id='word_1_131' title='bbox 2 2017 3 2020; x_wconf 45' lang='lat'>¹</span> <span class='ocrx_word' id='word_1_132' title='bbox 81 2008 125 2063; x_wconf 90' lang='lat' dir='ltr'><strong>tur</strong></span> <span class='ocrx_word' id='word_1_133' title='bbox 145 2001 203 2075; x_wconf 84' lang='lat' dir='ltr'><strong>tv,</strong></span> <span class='ocrx_word' id='word_1_134' title='bbox 227 2004 284 2076; x_wconf 93' lang='grc'><strong>11,</strong></span> <span class='ocrx_word' id='word_1_135' title='bbox 306 1999 393 2080; x_wconf 62' lang='grc'><strong>21),</strong></span> <span class='ocrx_word' id='word_1_136' title='bbox 420 2001 477 2062; x_wconf 92' lang='lat' dir='ltr'><strong>hoc</strong></span> <span class='ocrx_word' id='word_1_137' title='bbox 500 2010 529 2063; x_wconf 90' lang='lat' dir='ltr'><strong>et</strong></span> <span class='ocrx_word' id='word_1_138' title='bbox 554 2017 660 2063; x_wconf 86' lang='lat' dir='ltr'><strong>norum</strong></span> <span class='ocrx_word' id='word_1_139' title='bbox 683 2009 712 2063; x_wconf 90' lang='lat' dir='ltr'><strong>et</strong></span> <span class='ocrx_word' id='word_1_140' title='bbox 738 1999 886 2082; x_wconf 89' lang='lat' dir='ltr'><strong>poeticum</strong></span> <span class='ocrx_word' id='word_1_141' title='bbox 916 2012 944 2066; x_wconf 89' lang='lat' dir='ltr'><strong>et</strong></span> <span class='ocrx_word' id='word_1_142' title='bbox 971 2005 1072 2066; x_wconf 89' lang='lat' dir='ltr'><strong>nescio</strong></span> <span class='ocrx_word' id='word_1_143' title='bbox 1100 2011 1148 2067; x_wconf 86' lang='lat' dir='ltr'><strong>ta-</strong></span> 
     </span>
     <span class='ocr_line' id='line_1_18' title="bbox 2 2085 1147 2170; baseline 0.003 -22"><span class='ocrx_word' id='word_1_144' title='bbox 2 2109 3 2158; x_wconf 64' lang='lat' dir='ltr'>g</span> <span class='ocrx_word' id='word_1_145' title='bbox 81 2103 142 2149; x_wconf 90' lang='lat' dir='ltr'><strong>men</strong></span> <span class='ocrx_word' id='word_1_146' title='bbox 159 2105 199 2148; x_wconf 92' lang='lat' dir='ltr'><strong>an</strong></span> <span class='ocrx_word' id='word_1_147' title='bbox 213 2087 348 2167; x_wconf 89' lang='lat' dir='ltr'><strong>cuiquam</strong></span> <span class='ocrx_word' id='word_1_148' title='bbox 364 2087 555 2159; x_wconf 86' lang='lat' dir='ltr'><strong>intellectum,</strong></span> <span class='ocrx_word' id='word_1_149' title='bbox 571 2085 649 2164; x_wconf 90' lang='lat' dir='ltr'><strong>quod</strong></span> <span class='ocrx_word' id='word_1_150' title='bbox 672 2105 743 2166; x_wconf 77' lang='lat' dir='ltr'><strong>prro</strong></span> <span class='ocrx_word' id='word_1_151' title='bbox 754 2087 859 2150; x_wconf 90' lang='lat' dir='ltr'><strong>modo</strong></span> <span class='ocrx_word' id='word_1_152' title='bbox 880 2088 981 2170; x_wconf 86' lang='lat' dir='ltr'><strong>liquor</strong></span> <span class='ocrx_word' id='word_1_153' title='bbox 1003 2090 1147 2152; x_wconf 85' lang='lat' dir='ltr'><strong>sitientem</strong></span> 
     </span>
     <span class='ocr_line' id='line_1_19' title="bbox 82 2171 1148 2254; baseline 0.004 -20"><span class='ocrx_word' id='word_1_154' title='bbox 82 2182 109 2234; x_wconf 91' lang='lat' dir='ltr'><strong>et</strong></span> <span class='ocrx_word' id='word_1_155' title='bbox 128 2173 245 2234; x_wconf 88' lang='lat' dir='ltr'><strong>iamiam</strong></span> <span class='ocrx_word' id='word_1_156' title='bbox 267 2181 403 2253; x_wconf 90' lang='lat' dir='ltr'><strong>poturum</strong></span> <span class='ocrx_word' id='word_1_157' title='bbox 423 2172 520 2246; x_wconf 87' lang='lat' dir='ltr'><strong>lallat,</strong></span> <span class='ocrx_word' id='word_1_158' title='bbox 541 2171 609 2237; x_wconf 81' lang='lat' dir='ltr'><strong>solo</strong></span> <span class='ocrx_word' id='word_1_159' title='bbox 627 2175 849 2254; x_wconf 86' lang='lat' dir='ltr'><strong>praepositione</strong></span> <span class='ocrx_word' id='word_1_160' title='bbox 868 2175 1001 2238; x_wconf 86' lang='lat' dir='ltr'><strong>breuiter</strong></span> <span class='ocrx_word' id='word_1_161' title='bbox 1019 2184 1050 2240; x_wconf 86' lang='lat' dir='ltr'><strong>et</strong></span> <span class='ocrx_word' id='word_1_162' title='bbox 1071 2184 1148 2238; x_wconf 90' lang='lat' dir='ltr'><strong>stre·</strong></span> 
     </span>
     <span class='ocr_line' id='line_1_20' title="bbox 82 2258 1148 2338; baseline 0.004 -19"><span class='ocrx_word' id='word_1_163' title='bbox 82 2275 134 2320; x_wconf 88' lang='lat' dir='ltr'><strong>nne</strong></span> <span class='ocrx_word' id='word_1_164' title='bbox 156 2258 347 2336; x_wconf 84' lang='lat' dir='ltr'><strong>significetur.</strong></span> <span class='ocrx_word' id='word_1_165' title='bbox 391 2259 472 2320; x_wconf 89' lang='lat' dir='ltr'><strong>llaec</strong></span> <span class='ocrx_word' id='word_1_166' title='bbox 489 2259 564 2322; x_wconf 91' lang='lat' dir='ltr'><strong>enim</strong></span> <span class='ocrx_word' id='word_1_167' title='bbox 581 2274 655 2333; x_wconf 89' lang='lat' dir='ltr'><strong>cnm,</strong></span> <span class='ocrx_word' id='word_1_168' title='bbox 675 2258 768 2322; x_wconf 92' lang='lat' dir='ltr'><strong>unde</strong></span> <span class='ocrx_word' id='word_1_169' title='bbox 791 2266 907 2323; x_wconf 91' lang='lat' dir='ltr'><strong>motus</strong></span> <span class='ocrx_word' id='word_1_170' title='bbox 929 2261 1008 2335; x_wconf 88' lang='lat' dir='ltr'><strong>liat,</strong></span> <span class='ocrx_word' id='word_1_171' title='bbox 1028 2259 1148 2338; x_wconf 90' lang='lat' dir='ltr'><strong>iudicet,</strong></span> 
     </span>
     <span class='ocr_line' id='line_1_21' title="bbox 80 2343 1149 2427; baseline 0.002 -21"><span class='ocrx_word' id='word_1_172' title='bbox 80 2343 206 2408; x_wconf 89' lang='lat' dir='ltr'><strong>lectores</strong></span> <span class='ocrx_word' id='word_1_173' title='bbox 227 2347 317 2424; x_wconf 83' lang='lat' dir='ltr'><strong>cogit,</strong></span> <span class='ocrx_word' id='word_1_174' title='bbox 336 2352 367 2407; x_wconf 91' lang='lat' dir='ltr'><strong>ut</strong></span> <span class='ocrx_word' id='word_1_175' title='bbox 386 2343 505 2408; x_wconf 88' lang='lat' dir='ltr'><strong>Tantali</strong></span> <span class='ocrx_word' id='word_1_176' title='bbox 528 2344 685 2422; x_wconf 80' lang='lat' dir='ltr'><strong>imaginem</strong></span> <span class='ocrx_word' id='word_1_177' title='bbox 708 2344 788 2427; x_wconf 89' lang='lat' dir='ltr'><strong>apud</strong></span> <span class='ocrx_word' id='word_1_178' title='bbox 804 2356 928 2410; x_wconf 89' lang='lat' dir='ltr'><strong>mentem</strong></span> <span class='ocrx_word' id='word_1_179' title='bbox 948 2347 1005 2408; x_wconf 87' lang='lat' dir='ltr'><strong>sibi</strong></span> <span class='ocrx_word' id='word_1_180' title='bbox 1028 2363 1149 2427; x_wconf 88' lang='lat' dir='ltr'><strong>reprae-</strong></span> 
     </span>
     <span class='ocr_line' id='line_1_22' title="bbox 2 2429 1147 2512; baseline 0.003 -22"><span class='ocrx_word' id='word_1_181' title='bbox 2 2439 3 2490; x_wconf 62' lang='lat' dir='ltr'><strong>t</strong></span> <span class='ocrx_word' id='word_1_182' title='bbox 82 2440 193 2494; x_wconf 85' lang='lat' dir='ltr'><strong>sentent</strong></span> <span class='ocrx_word' id='word_1_183' title='bbox 229 2439 257 2493; x_wconf 93' lang='lat' dir='ltr'><strong>et</strong></span> <span class='ocrx_word' id='word_1_184' title='bbox 288 2431 333 2492; x_wconf 86' lang='lat' dir='ltr'><strong>an</strong></span> <span class='ocrx_word' id='word_1_185' title='bbox 364 2447 431 2492; x_wconf 91' lang='lat' dir='ltr'><strong>ore</strong></span> <span class='ocrx_word' id='word_1_186' title='bbox 469 2429 708 2492; x_wconf 84' lang='lat' dir='ltr'><strong>relabentem</strong></span> <span class='ocrx_word' id='word_1_187' title='bbox 741 2449 849 2512; x_wconf 86' lang='lat' dir='ltr'><strong>aquam</strong></span> <span class='ocrx_word' id='word_1_188' title='bbox 883 2432 1021 2496; x_wconf 78' lang='lat' dir='ltr'><strong>fallacem</strong></span> <span class='ocrx_word' id='word_1_189' title='bbox 1050 2450 1147 2512; x_wconf 88' lang='lat' dir='ltr'><strong>paene</strong></span> 
     </span>
     <span class='ocr_line' id='line_1_23' title="bbox 2 2505 1145 2599; baseline 0.002 -21"><span class='ocrx_word' id='word_1_190' title='bbox 2 2505 3 2522; x_wconf 56' lang='lat'>¹</span> <span class='ocrx_word' id='word_1_191' title='bbox 83 2517 171 2578; x_wconf 89' lang='lat' dir='ltr'><strong>oculis</strong></span> <span class='ocrx_word' id='word_1_192' title='bbox 194 2515 370 2597; x_wconf 82' lang='lat' dir='ltr'><strong>adspiciunt.</strong></span> <span class='ocrx_word' id='word_1_193' title='bbox 414 2516 497 2577; x_wconf 89' lang='lat' dir='ltr'><strong>llano</strong></span> <span class='ocrx_word' id='word_1_194' title='bbox 519 2517 785 2590; x_wconf 82' lang='lat' dir='ltr'><strong>constructionem,</strong></span> <span class='ocrx_word' id='word_1_195' title='bbox 814 2534 901 2598; x_wconf 87' lang='lat' dir='ltr'><strong>quam</strong></span> <span class='ocrx_word' id='word_1_196' title='bbox 923 2536 1145 2599; x_wconf 86' lang='lat' dir='ltr'><strong>praegnan-</strong></span> 
     </span>
     <span class='ocr_line' id='line_1_24' title="bbox 82 2601 1147 2682; baseline 0 -18"><span class='ocrx_word' id='word_1_197' title='bbox 82 2611 149 2664; x_wconf 88' lang='lat' dir='ltr'><strong>tem</strong></span> <span class='ocrx_word' id='word_1_198' title='bbox 172 2620 231 2663; x_wconf 94' lang='lat' dir='ltr'><strong>non</strong></span> <span class='ocrx_word' id='word_1_199' title='bbox 254 2603 364 2663; x_wconf 86' lang='lat' dir='ltr'><strong>iniuria</strong></span> <span class='ocrx_word' id='word_1_200' title='bbox 385 2619 461 2662; x_wconf 90' lang='lat' dir='ltr'><strong>nunc</strong></span> <span class='ocrx_word' id='word_1_201' title='bbox 484 2602 668 2678; x_wconf 84' lang='lat' dir='ltr'><strong>grammatici</strong></span> <span class='ocrx_word' id='word_1_202' title='bbox 694 2601 812 2679; x_wconf 87' lang='lat' dir='ltr'><strong>dicunt,</strong></span> <span class='ocrx_word' id='word_1_203' title='bbox 840 2603 905 2682; x_wconf 91' lang='lat' dir='ltr'><strong>ipse</strong></span> <span class='ocrx_word' id='word_1_204' title='bbox 926 2604 990 2672; x_wconf 82' lang='lat' dir='ltr'><strong>alia</strong></span> <span class='ocrx_word' id='word_1_205' title='bbox 1012 2604 1080 2665; x_wconf 89' lang='lat' dir='ltr'><strong>loco</strong></span> <span class='ocrx_word' id='word_1_206' title='bbox 1102 2605 1147 2666; x_wconf 86' lang='lat' dir='ltr'><strong>ui-</strong></span> 
     </span>
    </p>
   </div>
   <div class='ocr_carea' id='block_1_7' title="bbox 2 2685 1257 2838">
    <p class='ocr_par' dir='ltr' id='par_1_7' title="bbox 2 2685 1257 2838">
     <span class='ocr_line' id='line_1_25' title="bbox 2 2685 1257 2778; baseline 0.003 -30"><span class='ocrx_word' id='word_1_207' title='bbox 2 2706 3 2778; x_wconf 80' lang='lat' dir='ltr'>j</span> <span class='ocrx_word' id='word_1_208' title='bbox 83 2687 164 2750; x_wconf 86' lang='lat' dir='ltr'><strong>detur</strong></span> <span class='ocrx_word' id='word_1_209' title='bbox 183 2688 360 2769; x_wconf 85' lang='lat' dir='ltr'><strong>Propertius</strong></span> <span class='ocrx_word' id='word_1_210' title='bbox 388 2688 560 2764; x_wconf 88' lang='lat' dir='ltr'><strong>illustrare,</strong></span> <span class='ocrx_word' id='word_1_211' title='bbox 588 2685 800 2768; x_wconf 74' lang='lat' dir='ltr'><strong>111,1t,.t.,</strong></span> <span class='ocrx_word' id='word_1_212' title='bbox 827 2688 939 2752; x_wconf 88' lang='lat' dir='ltr'><strong>iniuria</strong></span> <span class='ocrx_word' id='word_1_213' title='bbox 968 2690 1146 2752; x_wconf 77' lang='lat' dir='ltr'><strong>coniecturis</strong></span> <span class='ocrx_word' id='word_1_214' title='bbox 1256 2757 1257 2760; x_wconf 49' lang='lat'><strong>,</strong></span> 
     </span>
     <span class='ocr_line' id='line_1_26' title="bbox 2 2782 198 2838; baseline -0.015 0"><span class='ocrx_word' id='word_1_215' title='bbox 2 2809 3 2816; x_wconf 69' lang='lat'><strong>.</strong></span> <span class='ocrx_word' id='word_1_216' title='bbox 80 2782 198 2838; x_wconf 80' lang='lat' dir='ltr'><strong>senato:</strong></span> 
     </span>
    </p>
   </div>
   <div class='ocr_carea' id='block_1_8' title="bbox 145 2879 1119 2956">
    <p class='ocr_par' dir='ltr' id='par_1_8' title="bbox 145 2879 1119 2956">
     <span class='ocr_line' id='line_1_27' title="bbox 145 2879 1119 2956; baseline 0 -16"><span class='ocrx_word' id='word_1_217' title='bbox 145 2889 209 2940; x_wconf 78' lang='lat' dir='ltr'><strong>Com</strong></span> <span class='ocrx_word' id='word_1_218' title='bbox 227 2889 284 2955; x_wconf 78' lang='lat' dir='ltr'><strong>pilo</strong></span> <span class='ocrx_word' id='word_1_219' title='bbox 301 2888 397 2940; x_wconf 86' lang='lat' dir='ltr'><strong>celocis</strong></span> <span class='ocrx_word' id='word_1_220' title='bbox 412 2879 444 2955; x_wconf 89' lang='lat' dir='ltr'><strong>(i.</strong></span> <span class='ocrx_word' id='word_1_221' title='bbox 457 2903 481 2940; x_wconf 85' lang='lat' dir='ltr'><strong>a.</strong></span> <span class='ocrx_word' id='word_1_222' title='bbox 497 2885 614 2956; x_wconf 83' lang='lat' dir='ltr'><strong>veloces)</strong></span> <span class='ocrx_word' id='word_1_223' title='bbox 632 2887 734 2955; x_wconf 71' lang='lat' dir='ltr'><strong>follit</strong></span> <span class='ocrx_word' id='word_1_224' title='bbox 751 2903 811 2956; x_wconf 81' lang='lat' dir='ltr'><strong>per</strong></span> <span class='ocrx_word' id='word_1_225' title='bbox 828 2884 974 2941; x_wconf 73' lang='lat' dir='ltr'><strong>demedio</strong></span> <span class='ocrx_word' id='word_1_226' title='bbox 992 2885 1119 2954; x_wconf 74' lang='lat' dir='ltr'><strong>tactos,</strong></span> 
     </span>
    </p>
   </div>
   <div class='ocr_carea' id='block_1_9' title="bbox 81 3005 1147 3244">
    <p class='ocr_par' dir='ltr' id='par_1_9' title="bbox 81 3005 1147 3244">
     <span class='ocr_line' id='line_1_28' title="bbox 81 3005 1147 3090; baseline -0.005 -19"><span class='ocrx_word' id='word_1_227' title='bbox 81 3011 101 3071; x_wconf 89' lang='lat' dir='ltr'><strong>i.</strong></span> <span class='ocrx_word' id='word_1_228' title='bbox 123 3027 148 3071; x_wconf 91' lang='lat' dir='ltr'><strong>e.</strong></span> <span class='ocrx_word' id='word_1_229' title='bbox 168 3008 248 3090; x_wconf 91' lang='lat' dir='ltr'><strong>pila,</strong></span> <span class='ocrx_word' id='word_1_230' title='bbox 269 3025 334 3070; x_wconf 88' lang='lat' dir='ltr'><strong>cum</strong></span> <span class='ocrx_word' id='word_1_231' title='bbox 356 3025 424 3089; x_wconf 93' lang='lat' dir='ltr'><strong>per</strong></span> <span class='ocrx_word' id='word_1_232' title='bbox 445 3009 605 3070; x_wconf 87' lang='lat' dir='ltr'><strong>brachia</strong></span> <span class='ocrx_word' id='word_1_233' title='bbox 625 3025 860 3090; x_wconf 89' lang='lat' dir='ltr'><strong>repercussa</strong></span> <span class='ocrx_word' id='word_1_234' title='bbox 881 3005 965 3084; x_wconf 89' lang='lat' dir='ltr'><strong>(noto</strong></span> <span class='ocrx_word' id='word_1_235' title='bbox 986 3021 1147 3087; x_wconf 89' lang='lat' dir='ltr'><strong>puerorum</strong></span> 
     </span>
     <span class='ocr_line' id='line_1_29' title="bbox 82 3091 1147 3175; baseline -0.004 -19"><span class='ocrx_word' id='word_1_236' title='bbox 82 3095 209 3175; x_wconf 88' lang='lat' dir='ltr'><strong>ludicro)</strong></span> <span class='ocrx_word' id='word_1_237' title='bbox 233 3097 270 3156; x_wconf 89' lang='lat' dir='ltr'><strong>ab</strong></span> <span class='ocrx_word' id='word_1_238' title='bbox 295 3111 348 3169; x_wconf 92' lang='lat' dir='ltr'><strong>eo,</strong></span> <span class='ocrx_word' id='word_1_239' title='bbox 377 3112 435 3174; x_wconf 88' lang='lat' dir='ltr'><strong>quo</strong></span> <span class='ocrx_word' id='word_1_240' title='bbox 458 3095 543 3156; x_wconf 90' lang='lat' dir='ltr'><strong>initio</strong></span> <span class='ocrx_word' id='word_1_241' title='bbox 566 3095 647 3157; x_wconf 89' lang='lat' dir='ltr'><strong>iacta</strong></span> <span class='ocrx_word' id='word_1_242' title='bbox 669 3104 749 3171; x_wconf 90' lang='lat' dir='ltr'><strong>erat,</strong></span> <span class='ocrx_word' id='word_1_243' title='bbox 777 3095 889 3175; x_wconf 89' lang='lat' dir='ltr'><strong>impetu</strong></span> <span class='ocrx_word' id='word_1_244' title='bbox 910 3092 1061 3167; x_wconf 87' lang='lat' dir='ltr'><strong>deflectat,</strong></span> <span class='ocrx_word' id='word_1_245' title='bbox 1087 3091 1147 3153; x_wconf 85' lang='lat' dir='ltr'><strong>lal-</strong></span> 
     </span>
     <span class='ocr_line' id='line_1_30' title="bbox 82 3176 1125 3244; baseline -0.003 -1"><span class='ocrx_word' id='word_1_246' title='bbox 82 3181 141 3244; x_wconf 89' lang='lat' dir='ltr'><strong>lere</strong></span> <span class='ocrx_word' id='word_1_247' title='bbox 163 3191 192 3243; x_wconf 94' lang='lat' dir='ltr'><strong>et</strong></span> <span class='ocrx_word' id='word_1_248' title='bbox 213 3180 335 3242; x_wconf 85' lang='lat' dir='ltr'><strong>eludere</strong></span> <span class='ocrx_word' id='word_1_249' title='bbox 357 3180 481 3243; x_wconf 86' lang='lat' dir='ltr'><strong>iactus</strong></span> <span class='ocrx_word' id='word_1_250' title='bbox 504 3197 573 3241; x_wconf 89' lang='lat' dir='ltr'><strong>suos</strong></span> <span class='ocrx_word' id='word_1_251' title='bbox 594 3180 721 3244; x_wconf 79' lang='lat' dir='ltr'><strong>ridetur.</strong></span> <span class='ocrx_word' id='word_1_252' title='bbox 764 3178 810 3242; x_wconf 83' lang='grc'><strong>(11.</strong></span> <span class='ocrx_word' id='word_1_253' title='bbox 828 3188 979 3241; x_wconf 89' lang='lat' dir='ltr'><strong>comment.</strong></span> <span class='ocrx_word' id='word_1_254' title='bbox 998 3177 1036 3239; x_wconf 95' lang='lat' dir='ltr'><strong>ad</strong></span> <span class='ocrx_word' id='word_1_255' title='bbox 1059 3195 1085 3240; x_wconf 91' lang='lat' dir='ltr'><strong>e.</strong></span> <span class='ocrx_word' id='word_1_256' title='bbox 1102 3176 1125 3240; x_wconf 94' lang='lat' dir='ltr'><strong>l.</strong></span> 
     </span>
    </p>
   </div>
   <div class='ocr_carea' id='block_1_10' title="bbox 176 3266 1146 3362">
    <p class='ocr_par' dir='ltr' id='par_1_10' title="bbox 176 3266 1146 3362">
     <span class='ocr_line' id='line_1_31' title="bbox 176 3266 1146 3362; baseline -0.005 -16"><span class='ocrx_word' id='word_1_257' title='bbox 176 3283 241 3346; x_wconf 85' lang='lat' dir='ltr'><strong>lloc</strong></span> <span class='ocrx_word' id='word_1_258' title='bbox 266 3283 358 3359; x_wconf 84' lang='lat' dir='ltr'><strong>igitur</strong></span> <span class='ocrx_word' id='word_1_259' title='bbox 386 3300 440 3342; x_wconf 93' lang='lat' dir='ltr'><strong>usu</strong></span> <span class='ocrx_word' id='word_1_260' title='bbox 467 3266 635 3343; x_wconf 85' lang='lat' dir='ltr'><strong>illustratur</strong></span> <span class='ocrx_word' id='word_1_261' title='bbox 664 3282 762 3356; x_wconf 85' lang='lat' dir='ltr'><strong>locus,</strong></span> <span class='ocrx_word' id='word_1_262' title='bbox 785 3297 870 3362; x_wconf 85' lang='lat' dir='ltr'><strong>quem</strong></span> <span class='ocrx_word' id='word_1_263' title='bbox 892 3296 977 3342; x_wconf 91' lang='lat' dir='ltr'><strong>nemo</strong></span> <span class='ocrx_word' id='word_1_264' title='bbox 999 3280 1071 3342; x_wconf 89' lang='lat' dir='ltr'><strong>satis</strong></span> <span class='ocrx_word' id='word_1_265' title='bbox 1094 3295 1146 3341; x_wconf 86' lang='lat' dir='ltr'><strong>ex·</strong></span> 
     </span>
    </p>
   </div>
   <div class='ocr_carea' id='block_1_11' title="bbox 82 3365 1269 3447">
    <p class='ocr_par' dir='ltr' id='par_1_11' title="bbox 82 3365 1269 3447">
     <span class='ocr_line' id='line_1_32' title="bbox 82 3365 1269 3447; baseline 0.001 -20"><span class='ocrx_word' id='word_1_266' title='bbox 82 3367 211 3447; x_wconf 78' lang='lat' dir='ltr'><strong>plicavit,</strong></span> <span class='ocrx_word' id='word_1_267' title='bbox 239 3367 444 3428; x_wconf 80' lang='lat' dir='ltr'><strong>Broulrlrnsins</strong></span> <span class='ocrx_word' id='word_1_268' title='bbox 475 3368 577 3441; x_wconf 86' lang='lat' dir='ltr'><strong>etiam,</strong></span> <span class='ocrx_word' id='word_1_269' title='bbox 606 3369 737 3447; x_wconf 87' lang='lat' dir='ltr'><strong>quamuis</strong></span> <span class='ocrx_word' id='word_1_270' title='bbox 767 3365 947 3440; x_wconf 86' lang='lat' dir='ltr'><strong>dubitanter,</strong></span> <span class='ocrx_word' id='word_1_271' title='bbox 975 3367 1147 3428; x_wconf 83' lang='lat' dir='ltr'><strong>coniectura</strong></span> <span class='ocrx_word' id='word_1_272' title='bbox 1268 3409 1269 3412; x_wconf 63' lang='lat'><strong>,</strong></span> 
     </span>
    </p>
   </div>
   <div class='ocr_carea' id='block_1_12' title="bbox 2 3449 1148 3786">
    <p class='ocr_par' dir='ltr' id='par_1_12' title="bbox 85 3449 1148 3532">
     <span class='ocr_line' id='line_1_33' title="bbox 85 3449 1148 3532; baseline -0.002 -18"><span class='ocrx_word' id='word_1_273' title='bbox 85 3455 267 3527; x_wconf 85' lang='lat' dir='ltr'><strong>sollicitavit,</strong></span> <span class='ocrx_word' id='word_1_274' title='bbox 287 3455 330 3526; x_wconf 92' lang='lat'><strong>11,</strong></span> <span class='ocrx_word' id='word_1_275' title='bbox 353 3457 386 3526; x_wconf 94' lang='grc'><strong>1,</strong></span> <span class='ocrx_word' id='word_1_276' title='bbox 409 3449 482 3514; x_wconf 59' lang='lat' dir='ltr'><strong>dmi</strong></span> <span class='ocrx_word' id='word_1_277' title='bbox 502 3452 640 3516; x_wconf 86' lang='lat' dir='ltr'><strong>Caesaris</strong></span> <span class='ocrx_word' id='word_1_278' title='bbox 663 3455 699 3515; x_wconf 92' lang='lat' dir='ltr'><strong>in</strong></span> <span class='ocrx_word' id='word_1_279' title='bbox 721 3452 868 3532; x_wconf 80' lang='lat' dir='ltr'><strong>Phrygios</strong></span> <span class='ocrx_word' id='word_1_280' title='bbox 891 3450 1021 3514; x_wconf 87' lang='lat' dir='ltr'><strong>condere</strong></span> <span class='ocrx_word' id='word_1_281' title='bbox 1040 3468 1148 3512; x_wconf 89' lang='lat' dir='ltr'><strong>nomen</strong></span> 
     </span>
    </p>

    <p class='ocr_par' dir='ltr' id='par_1_13' title="bbox 2 3537 1146 3617">
     <span class='ocr_line' id='line_1_34' title="bbox 2 3537 1146 3617; baseline 0 -19"><span class='ocrx_word' id='word_1_282' title='bbox 2 3551 3 3556; x_wconf 74' lang='grc'>’</span> <span class='ocrx_word' id='word_1_283' title='bbox 85 3557 185 3614; x_wconf 84' lang='lat' dir='ltr'><strong>aros,</strong></span> <span class='ocrx_word' id='word_1_284' title='bbox 213 3541 234 3600; x_wconf 93' lang='lat' dir='ltr'><strong>i.</strong></span> <span class='ocrx_word' id='word_1_285' title='bbox 261 3556 287 3600; x_wconf 94' lang='lat' dir='ltr'><strong>e.</strong></span> <span class='ocrx_word' id='word_1_286' title='bbox 313 3537 452 3600; x_wconf 81' lang='lat' dir='ltr'><strong>(laesuris</strong></span> <span class='ocrx_word' id='word_1_287' title='bbox 481 3555 586 3600; x_wconf 88' lang='lat' dir='ltr'><strong>nomen</strong></span> <span class='ocrx_word' id='word_1_288' title='bbox 614 3538 794 3600; x_wconf 88' lang='lat' dir='ltr'><strong>celebrando</strong></span> <span class='ocrx_word' id='word_1_289' title='bbox 822 3541 852 3599; x_wconf 92' lang='lat' dir='ltr'><strong>in</strong></span> <span class='ocrx_word' id='word_1_290' title='bbox 877 3537 1025 3617; x_wconf 75' lang='lat' dir='ltr'><strong>Phrygios</strong></span> <span class='ocrx_word' id='word_1_291' title='bbox 1053 3553 1146 3616; x_wconf 77' lang='lat' dir='ltr'><strong>tmpore</strong></span> 
     </span>
    </p>

    <p class='ocr_par' dir='ltr' id='par_1_14' title="bbox 84 3623 1147 3786">
     <span class='ocr_line' id='line_1_35' title="bbox 84 3623 1147 3774; baseline -0.001 -87"><span class='ocrx_word' id='word_1_292' title='bbox 84 3625 300 3774; x_wconf 35' lang='lat' dir='ltr'><strong>{poscrciataircringine</strong></span> <span class='ocrx_word' id='word_1_293' title='bbox 323 3623 500 3698; x_wconf 88' lang='lat' dir='ltr'><strong>ascendene;</strong></span> <span class='ocrx_word' id='word_1_294' title='bbox 522 3626 592 3687; x_wconf 90' lang='lat' dir='ltr'><strong>item</strong></span> <span class='ocrx_word' id='word_1_295' title='bbox 612 3625 654 3702; x_wconf 88' lang='lat' dir='ltr'><strong>ll,</strong></span> <span class='ocrx_word' id='word_1_296' title='bbox 676 3627 728 3698; x_wconf 81' lang='lat'><strong>32,</strong></span> <span class='ocrx_word' id='word_1_297' title='bbox 751 3627 818 3706; x_wconf 60' lang='lat'><strong>23,</strong></span> <span class='ocrx_word' id='word_1_298' title='bbox 840 3635 1012 3704; x_wconf 71' lang='lat' dir='ltr'><strong>suspectus„</strong></span> <span class='ocrx_word' id='word_1_299' title='bbox 1029 3631 1061 3685; x_wconf 91' lang='lat' dir='ltr'><strong>ut</strong></span> <span class='ocrx_word' id='word_1_300' title='bbox 1081 3623 1147 3686; x_wconf 87' lang='lat' dir='ltr'><strong>iere</strong></span> 
     </span>
     <span class='ocr_line' id='line_1_36' title="bbox 119 3758 274 3786; baseline 0 -14"><span class='ocrx_word' id='word_1_301' title='bbox 119 3758 127 3786; x_wconf 91' lang='lat'><em>‚</em></span> <span class='ocrx_word' id='word_1_302' title='bbox 267 3758 274 3772; x_wconf 93' lang='lat'><strong>.</strong></span> 
     </span>
    </p>
   </div>
   <div class='ocr_carea' id='block_1_13' title="bbox 246 3823 960 3948">
    <p class='ocr_par' dir='ltr' id='par_1_15' title="bbox 246 3823 960 3948">
     <span class='ocr_line' id='line_1_37' title="bbox 246 3823 960 3948; baseline -0.006 -68"><span class='ocrx_word' id='word_1_303' title='bbox 246 3829 341 3948; x_wconf 47' lang='lat' dir='ltr'><strong>Nasser</strong></span> <span class='ocrx_word' id='word_1_304' title='bbox 361 3830 426 3880; x_wconf 79' lang='lat' dir='ltr'><strong>cuim</strong></span> <span class='ocrx_word' id='word_1_305' title='bbox 444 3828 476 3882; x_wconf 88' lang='lat' dir='ltr'><strong>de</strong></span> <span class='ocrx_word' id='word_1_306' title='bbox 493 3834 519 3880; x_wconf 85' lang='lat' dir='ltr'><strong>te</strong></span> <span class='ocrx_word' id='word_1_307' title='bbox 536 3833 644 3880; x_wconf 82' lang='lat' dir='ltr'><strong>oestrus</strong></span> <span class='ocrx_word' id='word_1_308' title='bbox 660 3843 701 3880; x_wconf 84' lang='lat' dir='ltr'><strong>me</strong></span> <span class='ocrx_word' id='word_1_309' title='bbox 719 3825 800 3878; x_wconf 79' lang='lat' dir='ltr'><strong>laedit</strong></span> <span class='ocrx_word' id='word_1_310' title='bbox 819 3823 862 3879; x_wconf 79' lang='lat' dir='ltr'><strong>od</strong></span> <span class='ocrx_word' id='word_1_311' title='bbox 881 3840 960 3882; x_wconf 80' lang='lat' dir='ltr'><strong>aures</strong></span> 
     </span>
     <span class='ocr_line' id='line_1_38' title="bbox 307 3913 391 3948; baseline 0 0"><span class='ocrx_word' id='word_1_312' title='bbox 307 3913 391 3948; x_wconf 80' lang='lat' dir='ltr'><strong>ronaco.</strong></span> 
     </span>
    </p>
   </div>
   <div class='ocr_carea' id='block_1_14' title="bbox 2 3997 1229 4427">
    <p class='ocr_par' dir='ltr' id='par_1_16' title="bbox 2 3997 1151 4340">
     <span class='ocr_line' id='line_1_39' title="bbox 87 3997 1149 4081; baseline 0 -19"><span class='ocrx_word' id='word_1_313' title='bbox 87 4002 115 4062; x_wconf 88' lang='lat' dir='ltr'><strong>ln</strong></span> <span class='ocrx_word' id='word_1_314' title='bbox 137 4001 238 4064; x_wconf 89' lang='lat' dir='ltr'><strong>eodem</strong></span> <span class='ocrx_word' id='word_1_315' title='bbox 259 4019 371 4081; x_wconf 88' lang='lat' dir='ltr'><strong>genere</strong></span> <span class='ocrx_word' id='word_1_316' title='bbox 393 4003 432 4064; x_wconf 87' lang='lat' dir='ltr'><strong>oi.</strong></span> <span class='ocrx_word' id='word_1_317' title='bbox 454 4001 515 4075; x_wconf 88' lang='grc'><strong>111,</strong></span> <span class='ocrx_word' id='word_1_318' title='bbox 535 4003 572 4076; x_wconf 83' lang='grc'><strong>4,</strong></span> <span class='ocrx_word' id='word_1_319' title='bbox 595 4003 623 4063; x_wconf 91' lang='lat' dir='ltr'><strong>l.</strong></span> <span class='ocrx_word' id='word_1_320' title='bbox 651 3999 708 4076; x_wconf 82' lang='lat' dir='ltr'><strong>tv,</strong></span> <span class='ocrx_word' id='word_1_321' title='bbox 731 4005 767 4077; x_wconf 91' lang='lat' dir='ltr'><strong>l,</strong></span> <span class='ocrx_word' id='word_1_322' title='bbox 787 4005 839 4065; x_wconf 83' lang='grc'><strong>70.</strong></span> <span class='ocrx_word' id='word_1_323' title='bbox 866 3999 928 4076; x_wconf 88' lang='grc'><strong>111,</strong></span> <span class='ocrx_word' id='word_1_324' title='bbox 949 4003 1004 4075; x_wconf 91' lang='grc'><strong>17,</strong></span> <span class='ocrx_word' id='word_1_325' title='bbox 1025 4002 1076 4062; x_wconf 84' lang='grc'><strong>24.</strong></span> <span class='ocrx_word' id='word_1_326' title='bbox 1099 3997 1149 4074; x_wconf 85' lang='lat' dir='ltr'><strong>IV,</strong></span> 
     </span>
     <span class='ocr_line' id='line_1_40' title="bbox 92 4084 1150 4168; baseline -0.006 -18"><span class='ocrx_word' id='word_1_327' title='bbox 92 4091 140 4163; x_wconf 83' lang='lat' dir='ltr'><strong>ld,</strong></span> <span class='ocrx_word' id='word_1_328' title='bbox 159 4093 211 4151; x_wconf 81' lang='lat'><strong>41.</strong></span> <span class='ocrx_word' id='word_1_329' title='bbox 233 4086 277 4164; x_wconf 89' lang='lat'><strong>11,</strong></span> <span class='ocrx_word' id='word_1_330' title='bbox 302 4092 359 4162; x_wconf 75' lang='lat'><strong>12,</strong></span> <span class='ocrx_word' id='word_1_331' title='bbox 383 4093 432 4152; x_wconf 85' lang='lat' dir='ltr'><strong>ltl.</strong></span> <span class='ocrx_word' id='word_1_332' title='bbox 476 4089 599 4151; x_wconf 85' lang='lat' dir='ltr'><strong>Restant</strong></span> <span class='ocrx_word' id='word_1_333' title='bbox 620 4084 699 4148; x_wconf 89' lang='lat' dir='ltr'><strong>aliae</strong></span> <span class='ocrx_word' id='word_1_334' title='bbox 719 4087 903 4166; x_wconf 79' lang='lat' dir='ltr'><strong>elegantiae,</strong></span> <span class='ocrx_word' id='word_1_335' title='bbox 922 4087 1028 4168; x_wconf 81' lang='lat' dir='ltr'><strong>quihus</strong></span> <span class='ocrx_word' id='word_1_336' title='bbox 1048 4101 1150 4166; x_wconf 91' lang='lat' dir='ltr'><strong>quam-</strong></span> 
     </span>
     <span class='ocr_line' id='line_1_41' title="bbox 2 4173 1150 4256; baseline -0.004 -21"><span class='ocrx_word' id='word_1_337' title='bbox 2 4179 3 4198; x_wconf 84' lang='lat'>³</span> <span class='ocrx_word' id='word_1_338' title='bbox 92 4175 128 4235; x_wconf 82' lang='lat' dir='ltr'><strong>uis</strong></span> <span class='ocrx_word' id='word_1_339' title='bbox 155 4175 192 4236; x_wconf 90' lang='lat' dir='ltr'><strong>ad</strong></span> <span class='ocrx_word' id='word_1_340' title='bbox 220 4185 436 4256; x_wconf 84' lang='lat' dir='ltr'><strong>praegnantem</strong></span> <span class='ocrx_word' id='word_1_341' title='bbox 461 4174 537 4235; x_wconf 87' lang='lat' dir='ltr'><strong>hanc</strong></span> <span class='ocrx_word' id='word_1_342' title='bbox 565 4181 739 4235; x_wconf 88' lang='lat' dir='ltr'><strong>structuram</strong></span> <span class='ocrx_word' id='word_1_343' title='bbox 765 4190 825 4234; x_wconf 87' lang='lat' dir='ltr'><strong>non</strong></span> <span class='ocrx_word' id='word_1_344' title='bbox 845 4173 1060 4254; x_wconf 85' lang='lat' dir='ltr'><strong>pcrtinentibus</strong></span> <span class='ocrx_word' id='word_1_345' title='bbox 1083 4187 1150 4231; x_wconf 91' lang='lat' dir='ltr'><strong>ner·</strong></span> 
     </span>
     <span class='ocr_line' id='line_1_42' title="bbox 93 4255 1151 4340; baseline -0.004 -21"><span class='ocrx_word' id='word_1_346' title='bbox 93 4261 231 4324; x_wconf 75' lang='lat' dir='ltr'><strong>lusionem</strong></span> <span class='ocrx_word' id='word_1_347' title='bbox 263 4259 393 4323; x_wconf 86' lang='lat' dir='ltr'><strong>efficiunt</strong></span> <span class='ocrx_word' id='word_1_348' title='bbox 423 4263 587 4322; x_wconf 89' lang='lat' dir='ltr'><strong>orationem</strong></span> <span class='ocrx_word' id='word_1_349' title='bbox 614 4260 863 4340; x_wconf 86' lang='lat' dir='ltr'><strong>praepositiones.</strong></span> <span class='ocrx_word' id='word_1_350' title='bbox 914 4260 982 4334; x_wconf 89' lang='lat' dir='ltr'><strong>Sic,</strong></span> <span class='ocrx_word' id='word_1_351' title='bbox 1010 4275 1075 4319; x_wconf 83' lang='lat' dir='ltr'><strong>eorm</strong></span> <span class='ocrx_word' id='word_1_352' title='bbox 1107 4255 1151 4316; x_wconf 88' lang='lat' dir='ltr'><strong>ab</strong></span> 
     </span>
    </p>

    <p class='ocr_par' dir='ltr' id='par_1_17' title="bbox 98 4341 1229 4427">
     <span class='ocr_line' id='line_1_43' title="bbox 98 4341 1229 4427; baseline 0.003 -22"><span class='ocrx_word' id='word_1_353' title='bbox 98 4347 204 4410; x_wconf 91' lang='lat' dir='ltr'><strong>modum</strong></span> <span class='ocrx_word' id='word_1_354' title='bbox 223 4355 313 4427; x_wconf 87' lang='lat' dir='ltr'><strong>atque</strong></span> <span class='ocrx_word' id='word_1_355' title='bbox 333 4348 480 4409; x_wconf 89' lang='lat' dir='ltr'><strong>rationem</strong></span> <span class='ocrx_word' id='word_1_356' title='bbox 501 4344 611 4426; x_wconf 85' lang='lat' dir='ltr'><strong>agendi</strong></span> <span class='ocrx_word' id='word_1_357' title='bbox 631 4355 723 4424; x_wconf 86' lang='lat' dir='ltr'><strong>notat,</strong></span> <span class='ocrx_word' id='word_1_358' title='bbox 741 4346 822 4411; x_wconf 77' lang='lat' dir='ltr'><strong>uelut</strong></span> <span class='ocrx_word' id='word_1_359' title='bbox 841 4343 893 4420; x_wconf 94' lang='grc'><strong>111,</strong></span> <span class='ocrx_word' id='word_1_360' title='bbox 911 4346 964 4418; x_wconf 78' lang='grc'><strong>25,</strong></span> <span class='ocrx_word' id='word_1_361' title='bbox 980 4347 1027 4407; x_wconf 79' lang='lat' dir='ltr'><strong>o:</strong></span> <span class='ocrx_word' id='word_1_362' title='bbox 1048 4341 1153 4418; x_wconf 81' lang='lat' dir='ltr'><strong>„Sem</strong></span> <span class='ocrx_word' id='word_1_363' title='bbox 1227 4403 1229 4408; x_wconf 87' lang='lat'><strong>.</strong></span> 
     </span>
    </p>
   </div>
   <div class='ocr_carea' id='block_1_15' title="bbox 0 0 1386 4972">
    <p class='ocr_par' dir='ltr' id='par_1_18' title="bbox 0 0 1386 4972">
     <span class='ocr_line' id='line_1_44' title="bbox 0 0 1386 4972; baseline 0 0"><span class='ocrx_word' id='word_1_364' title='bbox 0 0 1386 4972; x_wconf 95' lang='lat' dir='ltr'><strong> </strong></span> 
     </span>
    </p>
   </div>
  </div>
 </body>
</html>
