2848 4972
404 303 784 382 oeconomiam,
807 304 861 374 zo.
1110 317 1174 383 rm

139 471 274 557 Durus,
296 474 353 560 qui
371 473 462 542 lucro
482 477 588 561 potnit
607 481 737 542 mutare
759 476 915 562 puellam!

181 576 341 661 Tantine,
362 575 415 644 his
436 578 600 662 lacrimis,
622 579 739 645 Africa
759 585 830 648 tota
850 577 937 648 luit?

99 691 123 737 τι
138 679 186 746 At
206 685 259 762 tu,
279 680 397 764 stulta,
420 679 523 765 deos,
542 689 578 748 tu
599 682 698 770 tingis
719 683 831 752 inania
848 683 964 754 verbe.

180 782 336 854 Forsitan
355 784 411 850 ille
433 785 497 868 alio
518 791 636 871 pectus
658 803 769 852 amore
789 793 886 858 terat.

137 883 208 954 Est
228 889 287 954 tibi
308 887 413 958 forma
432 895 568 975 potens,
589 896 666 956 sunt
688 896 806 957 costae
826 888 975 959 Palladis
993 894 1097 973 artes,

182 987 431 1078 splendidaque
452 1011 474 1060 a
493 993 589 1060 docto
610 993 699 1058 fama
720 993 865 1082 refulget
887 1010 964 1076 avo,

139 1081 322 1160 Fortunata
345 1093 479 1180 domus,
500 1093 596 1162 modo
618 1098 663 1161 sit
684 1091 743 1162 tibi
763 1096 849 1163 fidus
872 1098 1010 1163 amicus.

92 1207 125 1256 ιο
183 1195 286 1262 Fidus
308 1215 379 1264 ero:
400 1199 435 1263 in
457 1204 589 1264 nostros
612 1216 723 1280 curre,
745 1198 872 1283 puella,
892 1205 994 1266 toros.

142 1293 195 1362 Tu
217 1315 363 1382 quoque,
385 1301 441 1384 qui
466 1300 615 1386 aestivos
638 1299 818 1384 spatiosius
841 1299 953 1387 exigis
973 1299 1085 1388 ignes,

183 1395 335 1482 Phoebe,
356 1404 542 1465 moraturae
564 1397 723 1470 contrahe
743 1398 827 1464 lucis
847 1401 921 1467 iter.

141 1499 219 1568 Nox
239 1499 316 1565 milri
337 1501 441 1585 prima
460 1502 566 1570 venit:
590 1502 714 1589 primae
736 1500 815 1571 data
836 1507 986 1588 tempora
1005 1499 1114 1568 noctis

184 1603 332 1692 Longius
353 1605 388 1668 in
409 1605 528 1689 primo,
548 1605 662 1686 Luna,
685 1621 813 1671 morere
833 1609 921 1677 toret

94 1715 124 1760 1⁵
141 1702 291 1775 Foedera
313 1712 389 1772 sunt
410 1705 562 1793 ponenda
583 1705 675 1792 prius
697 1705 929 1797 signandaque
949 1706 1023 1776 iura

184 1807 232 1874 Et
251 1809 427 1880 scribenda
448 1810 526 1876 milri
547 1807 603 1879 lex
624 1813 658 1882 in
680 1829 791 1880 amore
811 1809 909 1882 nove.

142 1907 239 1976 llaec
259 1912 360 1984 Amor
381 1913 456 1997 ipse
475 1931 536 1977 suo
559 1915 765 2001 constringet
788 1915 926 2002 pignera
947 1911 1060 2000 signo:

185 2014 300 2082 Testis
322 2013 477 2086 sidereae
496 2021 584 2082 torta
606 2035 727 2082 corona
746 2016 842 2082 deae.

145 2115 250 2200 Qunam
271 2117 392 2186 multae
413 2124 493 2186 ente
513 2119 596 2186 meis
619 2118 740 2192 cedent
762 2119 968 2186 sermonibus
989 2113 1106 2202 horae,

97 2230 128 2280 ao
187 2217 307 2284 Dulcia
329 2235 425 2302 quam
444 2218 539 2284 nobis
561 2222 703 2286 concitet
724 2237 816 2289 arma
831 2221 961 2291 Venus!

142 2323 311 2407 Namque,
332 2321 388 2386 nbi
408 2339 473 2394 non
495 2327 586 2386 certo
608 2321 750 2410 vincitur
770 2321 906 2387 foedere
926 2321 1047 2405 lectus,

185 2425 260 2489 Non
281 2421 383 2494 habet
402 2423 528 2489 ultores
547 2443 615 2490 nox
635 2423 796 2507 violanda,
813 2423 908 2504 deos,

142 2524 191 2600 Et
213 2526 330 2612 quibus
350 2527 521 2612 imposuit,
543 2526 644 2593 solvit
665 2546 731 2593 nox
752 2526 865 2599 vincla
884 2523 999 2596 libido:

187 2627 385 2697 Contineant
404 2630 499 2695 nobis
520 2630 628 2696 omina
649 2633 753 2717 prima
774 2630 881 2700 tidem.

99 2749 128 2798 co
145 2731 258 2823 Ergo,
280 2736 336 2820 qui
356 2740 474 2820 pactas
493 2734 528 2804 in
548 2731 685 2801 foedera
703 2737 829 2828 ruperit
848 2749 940 2819 aras,

187 2838 410 2924 Pollueritque
430 2858 518 2906 novo
540 2858 640 2905 sacra
659 2843 880 2922 marita-toro,

143 2939 196 3006 Illi
218 2942 285 3009 sint
307 2942 500 3025 quicumque
522 2940 630 3008 solent
651 2941 686 3006 in
707 2958 819 3006 amore
841 2937 986 3023 dolores,
1055 2951 1057 2958 ’

185 3041 234 3110 lit
254 3048 358 3138 ceput.
374 3049 516 3131 argutae
536 3045 697 3130 praebeat
716 3041 890 3126 historiae,

142 3148 217 3218 Nec
238 3147 328 3216 ilenti
349 3145 501 3215 dominae
522 3149 680 3236 patefiant
699 3162 798 3216 nocte
819 3150 1003 3231 fenestrae,

98 3269 127 3312 se
157 3288 161 3297 ·
189 3251 330 3338 Semper
351 3259 456 3337 amet,
477 3255 586 3321 fructu
608 3271 739 3341 semper
760 3255 882 3324 amoris
903 3270 1021 3342 egens.

177 3442 203 3491 3.
222 3437 304 3491 Diruo
321 3455 364 3506 pr.
382 3457 418 3492 m.
437 3437 489 3497 Hi.
512 3439 629 3494 imittare
647 3439 702 3498 Hi.
785 3441 812 3492 l.
831 3437 961 3514 'sentisne
981 3441 1012 3499 G.
1030 3438 1068 3490 N.
1085 3439 1119 3491 A.
1135 3454 1173 3506 a,

101 3521 200 3576 Tantis
219 3521 272 3574 Hb.
294 3521 323 3574 in
341 3522 457 3576 lacrimis
474 3525 513 3584 Ν,
530 3528 565 3577 B.
582 3523 636 3581 1111.
652 3526 700 3594 A„
723 3523 839 3580 neumis
860 3527 893 3583 d..
963 3527 989 3578 6.
1009 3527 1119 3589 pectunt
1134 3523 1172 3575 N.

101 3609 166 3663 terit
179 3625 205 3660 c.
216 3625 252 3676 r.‚
269 3613 339 3660 terat
355 3610 390 3668 1),
439 3614 467 3662 2.
484 3612 533 3662 Ast
544 3610 581 3662 N.
600 3609 647 3663 nbi
663 3612 694 3668 V.
711 3615 805 3678 patena
820 3611 853 3666 (i.
872 3613 943 3662 caste
958 3625 983 3662 r.
1038 3611 1064 3662 8.
1082 3607 1175 3674 docto}

101 3704 160 3752 teto
176 3697 229 3754 nn.
299 3696 486 3753 ro.sinur11.
553 3703 596 3755 ll.
615 3697 672 3770 qni]
690 3699 794 3794 pcipi.
810 3697 942 3766 spatiosus
958 3711 983 3751 c.
1054 3699 1095 3750 13.
1113 3696 1176 3746 date

12 3835 16 3858 ›
102 3800 155 3857 Hir.
172 3799 211 3856 N.
228 3801 264 3850 Η.
286 3797 335 3866 r„
360 3799 438 3851 datae
459 3801 491 3858 e.
509 3817 534 3856 r.
615 3803 658 3856 tt.
675 3802 859 3866 moretatsic)
879 3800 917 3857 N.
997 3801 1037 3850 te.
1055 3814 1117 3850 rnna
1135 3799 1172 3852 Ν.

104 3893 147 3940 16.
167 3899 236 3938 noua
255 3886 289 3939 d.
358 3890 400 3938 li.
419 3883 577 3950 constringit
593 3885 630 3938 N.
644 3888 679 3940 It.
697 3903 739 3952 c.,
758 3885 902 3949 confringit
921 3887 953 3942 G.
965 3887 1000 3939 Η.
1014 3887 1053 3938 Μ.
1077 3883 1175 3952 pigne·
1242 3925 1244 3930 .

103 3985 135 4022 ra
151 3971 184 4023 Δ.
254 3975 295 4022 19.
315 3969 411 4022 cedent
427 3970 479 4028 lli.
496 3987 538 4039 m,
559 3969 654 4022 cedent
671 3972 706 4024 11.
730 3972 761 4029 V.
830 3976 873 4023 2ο.
892 3971 992 4024 consen
1007 3989 1052 4038 pr.
1069 3987 1104 4024 aa.
1123 3970 1175 4024 lli.

104 4055 227 4110 almall.
251 4055 414 4108 nemnsllb.
484 4062 527 4109 21.
547 4055 617 4108 Nam
635 4055 706 4124 quod
726 4073 769 4124 pr.
789 4073 823 4108 or.
842 4055 1038 4124 Hi.‚1amqne
1058 4059 1094 4109 Η.
1117 4057 1177 4108 rin·
1292 4097 1296 4101 .

104 4141 180 4190 cetur
196 4138 235 4192 N.
321 4142 365 4191 22.
389 4138 470 4204 vigila
487 4140 542 4208 Ν.,
567 4139 700 4206 vigilanda
723 4144 755 4193 G.
773 4158 797 4196 r.
814 4139 866 4193 nt.
887 4158 931 4208 m,
957 4141 1081 4194 violanda
1099 4143 1174 4194 Pero.

104 4225 148 4274 24.
162 4222 236 4275 vobis
247 4225 283 4275 ll.
298 4223 388 4276 omnia
401 4226 573 4296 G.r.o.llb.,
586 4229 716 4298 omiaN.,
728 4226 817 4280 omina
829 4229 903 4283 Pero.
913 4229 949 4279 H.
1005 4229 1048 4284 ²5.
1058 4230 1132 4279 actas
1144 4229 1179 4284 (ι’.-

105 4301 214 4359 foedere
234 4307 267 4358 c.
279 4321 311 4358 vc.
378 4311 422 4364 27.
440 4313 503 4363 snut
519 4310 572 4372 nt,
589 4312 625 4367 11.
642 4311 683 4388 di.
749 4315 791 4369 29.
812 4312 965 4382 patefactae*
980 4314 1012 4366 o.
