2834 4972
186 391 277 462 Caput
292 346 333 446 11ss
367 391 411 446 Da
428 389 532 458 elegiae
549 390 674 460 antiquas
691 389 796 446 ratione
813 395 841 447 et
856 391 955 449 finibus
971 411 1015 466 ap.
1031 396 1111 468 Prop.
1144 385 1194 464 51

119 574 148 631 et
175 566 281 648 optimi
311 566 475 649 scriptores
503 583 621 647 semper
649 564 888 647 observaverint,
918 567 1056 636 iniuriam
1081 573 1192 640 iecisse

118 652 290 728 uideamur,
319 671 393 718 neue
422 669 522 715 omnes
549 652 682 734 reliquos
708 653 926 718 hallucinantes
956 659 1030 720 solis
1056 662 1191 724 versibus

118 757 224 802 nomen
248 738 384 815 dedisse,
410 739 510 819 poesis
538 747 634 800 antem
663 756 778 818 genera
801 743 883 822 ipsa,
910 742 1001 806 multo
1029 763 1115 826 quam
1144 748 1191 810 illi

117 835 184 888 suut
213 826 373 904 grauiora,
395 824 559 888 indiscreta
579 825 736 906 reliquisse
758 843 935 905 arguamur:
962 829 1005 892 sic
1027 831 1191 896 existimari

115 912 267 986 uolumus,
294 913 381 975 metri
406 911 522 974 nomine
549 910 638 974 etiam
662 911 799 974 carminis
825 914 970 976 rationem
998 917 1071 978 satis
1096 919 1189 998 signi·
1310 949 1312 954 ·

114 996 218 1074 inari,
241 996 312 1060 ideo
340 1014 392 1061 eos
420 996 601 1073 credidisse,
626 995 707 1078 qnod
733 1016 879 1079 uunqum
905 1000 972 1063 lore
999 1002 1190 1082 confiderent,

113 1085 164 1164 qui
197 1101 316 1148 uersum
345 1102 364 1146 a
392 1101 445 1146 suc
476 1083 601 1164 proprio
630 1093 804 1163 argumento
836 1093 984 1166 tamquam
1000 1105 1119 1171 corpus
1149 1091 1188 1153 ah

113 1171 216 1232 anima
252 1168 397 1234 diuellere
430 1170 518 1252 cique
553 1170 748 1248 incongruum
780 1169 863 1231 aliud
897 1181 927 1235 et
958 1171 1061 1256 dispar
1089 1175 1188 1239 Musis

110 1256 200 1319 iratis
222 1255 375 1319 inculcare
396 1254 537 1331 auderat,
558 1255 640 1318 uelut
660 1256 686 1316 si
708 1257 773 1337 quis
795 1257 984 1336 tragoediam
1008 1259 1057 1322 nel
1078 1261 1188 1340 longas

112 1341 229 1405 Iliadas
248 1343 298 1405 rel
319 1342 396 1406 adeo
416 1353 510 1408 artem
534 1341 744 1420 geometricam
764 1349 793 1404 et
814 1341 957 1405 medinam
977 1345 1072 1425 elegis
1093 1346 1189 1409 iuclu-

111 1427 209 1493 deret.
266 1428 353 1506 Quod
385 1429 455 1509 qnia
483 1428 673 1490 nihilomiuus
705 1428 736 1490 in
765 1426 963 1491 Nicandro
998 1430 1186 1512 Colophonio

112 1515 222 1591 euenit,
241 1515 292 1594 qui
313 1514 446 1578 distichis
460 1515 597 1597 ophiano
612 1514 742 1596 scripsit,
764 1521 793 1576 et
811 1513 841 1574 iu
858 1514 1021 1579 Philone
1039 1518 1187 1582 Triccaco

111 1610 204 1681 atque
226 1600 493 1664 Andromacho
520 1601 671 1676 Cretensi,
700 1599 751 1681 qui
779 1599 913 1663 antidota
940 1601 1056 1665 medica
1083 1603 1188 1667 eodem

111 1695 209 1750 metro
232 1696 431 1769 exposuerunt
452 1687 506 1764 (cl.
523 1685 558 1748 N.
579 1687 671 1749 Bacb.
692 1686 714 1748 l.
727 1686 747 1748 l.
768 1704 797 1768 p.
811 1689 888 1764 33.),
910 1701 1007 1768 neque
1028 1697 1126 1752 tamen
1148 1690 1187 1754 do

110 1774 263 1835 nomine
292 1773 448 1851 elegiae
480 1771 638 1854 quidquam
665 1781 779 1836 mutare
807 1787 884 1834 nnnc
917 1774 1004 1836 nohis
1030 1775 1118 1838 licet:
1147 1793 1187 1839 ua

111 1859 168 1920 hoc
202 1857 320 1940 decepti
347 1858 434 1921 etiam
459 1859 491 1921 iu
518 1859 565 1920 rei
590 1857 760 1921 delinitione
791 1874 963 1939 peccemus,
996 1859 1041 1923 sic
1070 1861 1187 1943 antiqui

112 1943 202 2007 simul
226 1963 298 2006 usus
322 1943 502 2007 voluntatem
523 1945 717 2026 interpretari
740 1952 770 2007 et
796 1945 882 2007 iustis
902 1945 1075 2010 Aristotelis
1096 1964 1187 2027 prae-

113 2031 208 2113 ceptis
233 2047 294 2092 ucn
320 2029 424 2092 deesse
450 2029 598 2108 ridemur,
625 2029 651 2092 si
678 2030 771 2106 tales,
797 2047 871 2112 quos
897 2029 984 2094 modo
1006 2031 1188 2112 significari-

111 2134 174 2181 mus
198 2116 309 2178 obesae
330 2118 410 2178 uaris
438 2117 587 2192 homiues,
613 2132 672 2179 uon
697 2115 785 2179 modo
808 2115 961 2195 elegiacos
981 2126 1104 2197 poetas,
1132 2117 1187 2182 sed

110 2220 147 2264 ue
174 2207 307 2284 poetas
336 2202 450 2284 quidem
477 2203 570 2264 luisse
596 2218 779 2266 censeamus.
823 2202 948 2279 Contra,
976 2205 1029 2284 qui
1055 2212 1125 2286 apte
1154 2212 1186 2267 at

114 2289 257 2351 concinne
280 2296 309 2351 ot
330 2289 376 2350 rei
402 2286 621 2351 accommodate
642 2287 703 2350 illis
724 2288 852 2356 numeris
878 2307 948 2352 usus
975 2289 1084 2366 fuerit,
1109 2283 1187 2353 huuc

115 2374 334 2454 elegiarum
351 2375 525 2456 scriptorem
540 2374 647 2438 merito
663 2373 737 2437 dici:
756 2373 924 2452 elegiam
943 2383 1041 2438 autem
1062 2374 1099 2437 id
1120 2393 1188 2454 ge·

111 2477 180 2521 uus
202 2461 331 2540 poesis
357 2476 438 2536 esse,
467 2457 567 2542 q‘uod
590 2469 752 2524 naturae
773 2457 932 2530 distichi
960 2461 1014 2524 sit
1040 2474 1188 2524 accom-

112 2546 312 2610 modatum.
357 2544 453 2622 Unde,
468 2565 545 2628 quae
567 2546 606 2609 sit
625 2555 733 2610 natura
753 2543 881 2622 distichi,
900 2545 1025 2626 primum
1040 2564 1188 2628 quaeren-

112 2629 181 2694 dum
202 2650 270 2695 esse
293 2632 463 2712 colligitur;
484 2635 541 2694 hac
563 2640 661 2695 autern
683 2630 859 2712 explorata,
885 2631 989 2712 qualia
1008 2630 1188 2712 argumenta

111 2717 180 2798 ipsa
200 2717 327 2794 luerint,
352 2728 435 2781 recte
455 2718 567 2800 poterit
588 2716 757 2780 diiudicari.
800 2717 869 2796 Qua
892 2724 989 2780 tamcu
1011 2717 1043 2780 in
1068 2737 1103 2782 ne
1130 2718 1189 2782 hoc

111 2821 200 2866 nuum
224 2802 401 2867 mouendum
428 2813 540 2880 restat,
569 2805 607 2866 nt
635 2812 799 2885 temporum
824 2802 956 2866 rationes
982 2811 1094 2887 temere
1117 2821 1189 2867 cou-

111 2888 282 2953 inudantur.
324 2891 401 2954 Nam
430 2907 495 2952 cum
523 2889 647 2978 Graeci,
674 2898 708 2952 ut
728 2886 877 2964 uidimus,
904 2905 1008 2953 uersos
1037 2897 1066 2952 et
1095 2907 1187 2969 argu-

110 2985 210 3038 menta
236 2977 339 3039 intimo
361 2976 477 3039 uinculo
499 2975 657 3039 coniuncta
680 2991 745 3040 csse
767 2976 925 3048 sentirent,
951 2983 984 3036 nt
1004 2975 1186 3038 carminibus

112 3081 238 3126 arersu
255 3079 361 3124 nomen
379 3063 560 3138 tribuerent,
580 3071 687 3144 postea
703 3060 836 3122 homiues
857 3059 1007 3123 subtiliter
1028 3060 1189 3124 definiendi

115 3156 143 3211 et
162 3146 352 3210 discernendi
374 3149 488 3211 artibus
510 3149 621 3211 assueti
641 3147 756 3229 species
777 3147 878 3228 poesis
900 3145 1063 3226 elegiacae,
1085 3166 1189 3228 qnam-

112 3233 155 3296 ris
174 3243 318 3312 cognatas
341 3243 370 3296 et
386 3234 423 3295 ah
443 3253 503 3296 uua
519 3234 636 3314 origiue
656 3233 817 3315 profectas,
837 3233 881 3294 ita
900 3233 979 3295 inter
999 3251 1032 3295 se
1052 3231 1187 3296 diversos

114 3336 178 3381 esse
210 3320 457 3396 observaverunt,
483 3329 516 3384 ut
543 3339 632 3382 uuum
662 3336 762 3381 omnes
791 3336 885 3398 genus
915 3317 1034 3380 elicere
1063 3321 1186 3382 nollent.

113 3405 187 3468 llinc
208 3406 328 3480 lactum,
347 3415 380 3468 ut
399 3423 516 3470 uersum
539 3406 656 3487 quidem
679 3403 801 3468 eundem
821 3403 955 3467 omnihus
974 3404 1188 3486 relinquerent,

112 3483 217 3555 nonre'n
233 3497 330 3554 antem
349 3491 465 3571 elegiae
481 3492 589 3556 ceteris
612 3491 759 3573 demptum
780 3490 808 3552 ei
830 3489 889 3550 soli
910 3489 1086 3565 tribuerent,
1107 3507 1186 3571 quae

115 3587 144 3640 et
169 3579 348 3640 auctoritate
377 3587 406 3640 et
434 3579 546 3640 ambitu
572 3586 602 3640 et
629 3584 784 3660 poetarum
808 3573 1015 3658 excellentium
1040 3595 1097 3637 usn
1123 3576 1186 3639 lra-
1232 3586 1234 3590 '

114 3665 213 3744 quenti
238 3665 316 3726 inter
343 3663 476 3745 reliquas
493 3661 657 3726 'emineret
707 3662 809 3740 Quare
838 3661 1013 3742 Propertius
1041 3661 1188 3748 quaedam

115 3750 273 3812 carminum
295 3767 425 3827 suornm,
444 3751 576 3832 quamde
598 3748 733 3812 rensibus
754 3745 829 3808 nibil
844 3745 1021 3822 differentia,
1044 3747 1187 3828 elegiis

112 3843 260 3916 tamqnam
283 3836 486 3898 contraria
508 3836 631 3917 opponit
652 3836 727 3916 (qua
746 3833 784 3894 de
802 3850 837 3894 re
856 3831 917 3895 rid.
933 3831 1038 3910 inira),
1058 3833 1187 3914 itemque

105 3922 265 3984 ,Martialis
295 3922 384 3998 (XII,
405 3925 463 3998 96,
487 3923 533 4000 8.)
563 3922 843 4003 epigrammata
873 3935 929 3980 sua
961 3919 1080 3994 omnia,¹
1109 3936 1187 4008 quae

114 4008 258 4070 neminem
284 4008 451 4092 aequalium
478 4007 742 4089 unquam‘elegias
765 4004 910 4086 dicturum
935 4004 1028 4066 luisse
1050 4003 1188 4087 credide-

114 4093 178 4156 rim.
223 4093 310 4170 Quod
336 4111 408 4156 nero
430 4094 469 4156 ab
491 4093 538 4156 bis
565 4094 658 4156 initiis
684 4090 839 4174 progressi
867 4099 976 4170 poetae
1004 4091 1186 4152 recentiores

114 4193 249 4242 rensuum
268 4179 435 4242 rationibus
455 4197 564 4261 susque
585 4179 682 4260 deque
702 4177 812 4240 habitis
834 4175 989 4256 quodlibet
1008 4174 1116 4237 flebilis
1137 4191 1188 4236 ar-

115 4265 245 4342 gumenti
275 4281 394 4328 carmen
415 4267 472 4329 hoc
494 4265 613 4328 nomine
638 4264 783 4343 insignire
811 4262 925 4338 solent,
954 4264 1011 4326 hoe
1037 4269 1070 4324 ut
1094 4259 1187 4340 uulgo
1284 4297 1286 4304 ·

113 4360 213 4415 uotum
236 4359 299 4430 est,
326 4353 370 4417 ita
397 4369 453 4416 nos
479 4369 539 4415 uon
566 4369 711 4416 curamus.
754 4347 848 4412 Nobis
873 4347 950 4412 enim
970 4345 1099 4428 nestigm
1119 4363 1190 4410 usus

931 4450 979 4514 4*
