2806 4974
245 327 320 406 178
532 342 538 352 “
560 345 753 417 Quaestionum
771 346 855 402 Liber
872 349 1014 404 secundos.

247 522 333 602 Quae
354 519 413 586 duo
437 520 572 602 exempla
592 518 752 584 norissima
773 520 960 602 aliquatenus
981 528 1066 584 certe
1083 519 1140 583 huc
1160 519 1306 586 referenda

189 657 193 663 ι
246 617 322 676 sunt.
364 607 399 672 Iu
421 606 577 688 disyllabis
599 615 698 671 autem
718 607 865 673 interdum
888 616 994 672 contra
1015 607 1064 684 iit,
1088 609 1183 686 uelut:

399 736 493 804 diripui
509 750 589 804 saepe
607 735 685 789 doces
699 733 706 804 Ι
720 738 810 804 crepui
827 736 941 789 cecidere
957 738 1067 802 tpruurrs'
1083 760 1118 774 -
1190 770 1192 773 -

245 805 310 876 'el’
342 861 344 865 f
398 887 471 943 diro
487 895 557 944 nicta
573 889 638 956 fides
652 889 658 961 Ι
674 890 741 944 cari
758 891 863 944 ceratia
881 892 953 944 itero.

244 1007 318 1072 llam
340 1008 372 1071 iu
398 1009 453 1085 iis,
481 1027 559 1090 quae
583 1018 634 1073 aut
661 1008 809 1090 dactylum
838 1007 970 1072 eliciunt
998 1016 1049 1071 aut
1073 1005 1240 1079 bacchium,
1264 1013 1308 1066 aut
1386 1009 1387 1018 ’

244 1095 484 1178 amphibrachym
504 1103 556 1158 aut
582 1091 788 1179 anapaestum,
809 1097 891 1158 unlla
913 1095 1086 1156 conceditur
1109 1101 1243 1174 accentus
1262 1110 1307 1153 ua·
1386 1135 1387 1152 r

244 1185 345 1246 riatio.
390 1183 442 1246 llis
465 1183 559 1260 igitur
586 1184 629 1245 ita
658 1202 727 1244 usus
756 1192 816 1258 est,
843 1192 875 1244 ut
898 1181 1043 1261 dactylum
1070 1179 1225 1255 clausulis,
1246 1195 1308 1238 aua-

244 1279 380 1351 paestum
411 1268 504 1330 initiis
536 1269 721 1350 frequentius
756 1268 927 1342 adhiberet,
962 1267 1116 1330 bacchium
1146 1276 1175 1329 et
1200 1264 1308 1343 *amphi-
1386 1275 1387 1346 g

244 1353 386 1434 brachynr
413 1355 535 1418 ultimae
565 1357 630 1418 sedi
664 1366 849 1432 reservaret,
876 1355 928 1415 ubi
958 1355 1176 1436 palimbacchio
1205 1353 1307 1412 iunctus
1384 1428 1385 1432 Ι

180 1459 182 1462 ·
243 1442 437 1526 fortissimum
459 1440 549 1505 efficit
570 1444 695 1518 exitum,
720 1443 801 1506 uelut
828 1457 971 1525 peccare
995 1440 1152 1524 puettce;
1181 1451 1307 1500 seruere
1383 1435 1385 1524 Ι

243 1526 425 1612 pudicum
447 1528 599 1590 rarissime
621 1537 733 1591 contra.
778 1529 854 1592 Nam
880 1527 973 1588 initiis
1001 1521 1136 1596 insertus‘
1151 1541 1209 1586 uon
1229 1521 1308 1584 modo
1384 1529 1385 1586 l

243 1615 363 1677 mollem
389 1612 443 1676 sed
470 1613 615 1678 elumbem
632 1614 739 1678 'reddit
767 1633 871 1678 uersus
897 1613 1051 1676 incessum.
1095 1614 1200 1693 Neque
1227 1611 1309 1688 igitur

243 1701 291 1764 his
319 1700 434 1763 duobus
461 1701 612 1778 uersibus,
639 1719 714 1781 quos
742 1701 940 1764 malefactus
966 1709 1075 1782 poetae
1104 1697 1249 1762 excidisse
1269 1693 1309 1756 ia·
1383 1745 1384 1756 ,

242 1785 362 1852 tendum
384 1795 445 1862 est,
467 1785 512 1862 ΙΙ,
535 1791 592 1862 33,
614 1790 661 1851 9.:

382 1903 446 1956 Gom
460 1900 465 1971 Ι
480 1910 506 1956 te
522 1905 601 1958 iussit
615 1901 621 1972 Ι
635 1902 730 1956 holme
744 1901 751 1972 Ι
764 1905 879 1973 puellum
895 1900 902 1973 Ι
916 1918 1016 1956 corruo
1030 1901 1037 1972 Ι
1050 1904 1116 1956 turo
1133 1928 1170 1940 -·

242 2019 273 2078 el
292 2007 343 2090 iv,
364 2013 401 2088 8,
422 2013 492 2075 lb:

378 2133 415 2197 Et
429 2129 435 2199 Ι
449 2133 577 2199 praviore
589 2131 598 2202 Ι
612 2132 729 2201 rependit
743 2129 749 2202 Ι
764 2132 860 2200 iuipuis
874 2128 881 2199 Ι
895 2147 977 2198 pensu
992 2125 998 2199 Ι
1014 2127 1136 2197 quasillis
1153 2159 1188 2170 --

243 2231 368 2312 similem
399 2236 519 2298 tertium
551 2237 582 2298 iu
611 2235 746 2299 omnibus
778 2237 956 2298 carminibus
990 2233 1177 2300 inueneris·
1206 2233 1310 2298 Rursus
1382 2229 1383 2234 ’

243 2315 343 2382 autem
371 2330 569 2402 pentameter,
597 2325 680 2385 cuius
709 2341 862 2398 numerus,
892 2339 1015 2403 prorsus
1044 2321 1218 2385 hexametro
1246 2336 1310 2382 cou-

242 2409 371 2482 tremus,
394 2408 440 2468 bis
462 2410 561 2489 posita
583 2409 828 2494 πενθημιμερεῖ
853 2411 960 2472 iterum
982 2409 1012 2468 iu
1033 2425 1066 2468 sc
1088 2410 1225 2484 reuertit,
1247 2423 1311 2468 cou-

242 2495 367 2555 trariam
389 2493 476 2556 etiam
502 2496 534 2556 in
556 2505 680 2558 accentu
700 2496 798 2574 legem
824 2506 965 2576 sequatur
986 2509 1109 2555 neccsse
1132 2504 1186 2557 est.
1231 2488 1312 2570 Quod

243 2593 309 2640 cum
331 2597 368 2642 ex
388 2580 426 2641 iis
447 2581 605 2662 exemplis,
628 2582 734 2662 quibus
756 2572 1010 2661 ὁμοιοτελεύτου
1031 2580 1164 2643 rationes
1185 2580 1312 2642 illustra·

242 2665 353 2740 timos,
374 2673 434 2728 tum
454 2685 490 2730 ex
509 2669 547 2728 iis
569 2677 709 2748 apparet,
730 2669 759 2729 in
783 2669 889 2748 quibus
909 2667 1051 2730 attributa
1073 2675 1102 2728 et
1124 2668 1243 2728 uomina
1261 2681 1311 2746 per

240 2745 493 2816 hemistichiorum
516 2754 610 2816 exitus
634 2754 780 2835 disposita
801 2762 877 2816 snut.
921 2753 1003 2815 Haec
1028 2753 1105 2813 enim
1127 2755 1156 2813 in
1181 2753 1312 2814 hexame-

241 2839 297 2900 tris
316 2837 454 2920 diuersas
479 2840 589 2903 babent
611 2859 710 2916 arses,
737 2841 768 2902 iu
788 2839 982 2928 pentametris
1003 2835 1131 2916 similes,
1152 2839 1235 2902 uelut
1255 2846 1311 2899 sta·

239 2923 293 2987 tim
312 2923 344 2986 in
363 2925 465 2988 limine
488 2928 664 2990 carminum:
1386 2939 1387 2942 ’

380 3039 492 3106 Opothio
511 3041 600 3108 primu
618 3043 675 3092 suis
697 3041 820 3092 irrisorum
837 3054 877 3090 rue
894 3039 962 3105 cepit
979 3035 1077 3105 ocellis]
1386 3093 1387 3096 ,

416 3109 568 3160 Contactam
585 3111 667 3160 uultis
687 3115 748 3160 oute
765 3107 937 3176 cupidinibus.
1385 3119 1387 3242 Ι

276 3173 279 3178 ”
380 3177 444 3228 Tum
462 3178 525 3228 urihi
545 3178 691 3228 cdrrstuatr's
708 3177 799 3227 deiecit
817 3175 1031 3242 terricrepum,

301 3273 303 3278 ·
411 3247 447 3296 Et
466 3253 546 3312 capot
562 3247 694 3312 impositis
710 3247 808 3311 pressit
826 3248 907 3296 Actor
925 3243 1042 3312 pedibus.

240 3352 370 3434 Eadem,
399 3377 476 3438 quae
497 3358 529 3421 in
551 3368 722 3422 accentuum
743 3377 821 3434 usu,
843 3358 875 3420 in
896 3360 1040 3430 iuncturis
1061 3361 1221 3424 uerborum
1242 3361 1315 3423 iaci·
1386 3385 1387 3428 l

242 3443 314 3506 litas
351 3453 440 3524 atque
480 3445 630 3508 mollities.
683 3444 788 3525 Neque
816 3447 898 3508 ,enim
930 3465 1059 3529 unquam
1093 3450 1314 3511 consonantium

188 3538 192 3545 '
241 3531 387 3592 concursu
409 3530 559 3610 fragosam
581 3530 646 3592 fieri
669 3534 834 3594 orationem
860 3551 966 3612 passus
996 3541 1056 3607 est,
1083 3552 1181 3614 neque
1206 3537 1314 3597 biatnur

239 3618 387 3679 vocalium
408 3618 496 3679 aliter
525 3617 582 3678 sibi
608 3616 747 3692 indulsit,
775 3619 833 3679 nisi
855 3635 920 3680 cum
943 3620 995 3682 sub
1019 3618 1077 3680 flua
1104 3620 1312 3704 πενθημιμε-

237 3699 464 3853 plpig7positus
498 3703 661 3767 fortissima
687 3722 791 3768 uersus
822 3707 1016 3787 percussione
1046 3717 1259 3786 excusaretur,
1284 3711 1314 3768 nt

289 3834 300 3866 ,
348 3794 445 3869 ,49st
475 3799 478 3804 '

376 3906 430 3957 Sed
449 3905 679 3972 lbpiuetholomo
694 3902 699 3972 Ι
715 3913 762 3959 cut
782 3906 871 3958 Oricia
889 3905 1041 3959 terebintho.
1386 3887 1387 3982 Ι

172 4072 173 4080 Ι
238 4007 323 4072 Unde
343 4007 502 4091 Propertio
524 4009 652 4074 reddere
673 4030 733 4076 uon
755 4012 887 4076 dubitari
908 4012 955 4090 ΙΙ,
978 4015 1036 4088 34,
1058 4015 1123 4077 39.:

373 4123 625 4192 Aucpbc'eroeue
645 4123 650 4194 Ι
670 4127 760 4179 houd
781 4135 894 4195 prosunt
910 4129 972 4195 satu
991 4126 1141 4196 pttttdripue.
1386 4115 1387 4176 Ι

237 4221 284 4286 ct.
307 4241 409 4288 comm.
433 4226 470 4288 ad
495 4246 521 4290 e.
540 4226 562 4289 l.
586 4238 615 4291 et
636 4231 784 4310 specimen
807 4231 939 4308 Quaestt.
960 4230 1111 4310 Propertt.
1133 4230 1200 4293 Hal.
1219 4226 1311 4298 1835,

236 4327 267 4394 p.
286 4313 317 4374 4.
340 4331 370 4376 n.
392 4317 443 4376 17.
486 4314 650 4378 Praeterea
677 4335 829 4398 nusquam.
873 4317 908 4378 In
938 4317 1042 4380 eadem
1063 4334 1135 4382 uero
1157 4318 1214 4379 hac
1242 4313 1310 4378 sede
