2806 4974
286 359 376 432 eaput
393 359 427 420 V.
458 355 597 417 De'librir
611 355 748 429 Propertii
764 357 963 434 mummiptir.
1011 433 1014 438 ἱ
1083 355 1159 436 241

85 535 221 614 ιιιιιΙιιιιιι,
241 533 320 600 unde
342 535 397 613 sit,
424 535 503 600 scire
524 537 635 614 refert,
656 551 722 598 cum
742 552 840 618 pauco
862 537 927 608 eius
947 537 1008 604 siut
1033 541 1156 626 scripta,

86 643 139 689 nec
164 622 253 688 ualde
277 623 504 700 memorabilia,
530 633 563 686 ut
583 625 613 700 Ι,
635 625 671 698 2,
693 626 762 687 lte:
788 623 1025 706 „persudent
1050 629 1082 690 id
1108 639 1155 696 est
1193 661 1198 672 ·

87 709 227 792 quasdam
249 710 333 789 quasi
354 710 471 771 sudoris
491 709 590 772 bullas
612 713 795 791 erumpant.“
838 707 885 773 cf.
907 711 931 786 Ι,
952 713 982 787 3,
1004 717 1055 777 16.
1077 715 1101 791 Ι,
1121 720 1161 782 4.,

84 800 163 872 inii,
187 814 264 877 quae
286 797 412 857 lacobus
434 806 575 876 excerpta
597 795 739 859 exhibuit.
781 794 920 858 Paccium
949 797 993 874 is,
1020 801 1070 880 qui
1100 802 1155 866 illa

85 885 220 964 scripsit,
241 891 379 958 uouerat,
407 900 472 944 nam
493 882 640 944 interdum
661 898 726 942 eum
747 881 898 962 appellat,
928 891 957 946 et
983 902 1060 964 qnae
1079 887 1156 952 Per-

84 971 162 1034 rcius
184 968 340 1043 omiserat,
368 968 500 1048 supplet,
526 968 604 1030 unde
625 966 712 1031 simul
733 976 767 1029 ut
788 975 886 1030 aetate
906 967 1033 1033 inferior
1053 972 1162 1054 inerit,

85 1055 226 1136 sequitur.
281 1053 327 1116 De
359 1053 490 1115 secunda
522 1072 610 1116 manu
642 1052 734 1116 multo
769 1055 894 1132 gravior
928 1063 973 1118 est
1005 1061 1167 1138 qunaeetic:

84 1143 174 1206 rluius
198 1139 275 1202 enim
295 1147 340 1202 est
360 1140 593 1202 emendationum
613 1157 651 1202 ex
670 1137 749 1202 cod.
769 1147 841 1204 ret.
863 1140 1057 1206 exhibitarum
1078 1166 1152 1228 puro

83 1229 181 1306 longe
195 1226 333 1288 maxima.
375 1227 578 1306 Antiquiorem
603 1235 700 1289 eutem
727 1241 792 1286 ease
823 1225 964 1308 reliquis,
990 1232 1079 1293 certis
1105 1234 1153 1295 iu·

84 1314 167 1376 diciis
190 1312 338 1392 proditur.
379 1311 455 1374 Nam
476 1322 506 1376 et
528 1316 650 1395 p.120.
672 1311 791 1394 paginis
813 1329 893 1392 apua
917 1313 1080 1393 superfusis
1101 1320 1155 1384 tit-

15 1395 17 1402 '
84 1409 164 1464 terea
185 1399 244 1460 bue
263 1397 391 1474 dilutae,
412 1397 528 1462 Perreii
549 1408 653 1460 contra
673 1399 787 1477 scripta
805 1415 894 1478 super
912 1398 1025 1462 siccata
1046 1403 1154 1470 iterum

84 1487 187 1548 charta
210 1484 292 1546 clare
313 1486 465 1562 leguntnr3
495 1493 524 1547 et
551 1485 602 1546 ubi
627 1483 717 1565 plura
738 1481 831 1546 rerba
858 1483 896 1544 ab
918 1493 1045 1566 utraque
1066 1508 1154 1556 manu

89 1572 278 1645 exhibentur,
309 1571 459 1650 antiquior
490 1571 562 1647 ille,
590 1578 622 1633 ιιι
652 1579 894 1646 consentaneum,
924 1572 1154 1641 commodiorem

85 1657 227 1737 marginis
249 1667 362 1738 partem
382 1666 521 1739 occupat,
540 1665 573 1720 ιιι
595 1657 691 1719 tenuis
712 1671 804 1738 saepe
821 1654 907 1717 limes
926 1657 1011 1720 iuxta
1030 1663 1154 1728 relictus

86 1747 232 1824 scripturn
265 1743 433 1805 recentiore
462 1743 630 1825 impleatur.
681 1742 758 1820 Quid
788 1741 903 1806 multu?
944 1739 1051 1810 Persei
1085 1750 1157 1812 sub-

87 1831 275 1910 scriptiones,
309 1827 430 1890 Tibullo
469 1837 498 1892 et
531 1828 692 1910 Propertio
729 1827 866 1901 additae,
903 1830 1174 1913 superimpositae-

16 1929 17 1932 ’
86 1925 149 1978 sunt
178 1916 249 1977 aliis
271 1915 370 1976 uerbis
392 1933 500 1979 rasura
521 1918 646 1978 maxime
669 1913 793 1991 deletis,
821 1931 900 1994 quae
921 1922 1018 1978 tamen
1045 1920 1076 1980 in
1099 1921 1156 1984 Ti·

85 2003 165 2066 bullo
180 2017 340 2064 reuocare
369 2001 455 2063 uobis
481 2003 617 2088 contigit.
668 1999 743 2064 Sunt
771 2008 868 2064 antem
890 2000 1059 2086 antiqniore
1085 2007 1157 2072 item

84 2107 167 2153 manu
190 2088 302 2166 scripta
322 2087 448 2150 haecce:

184 2171 345 2236 Gorrectus
367 2191 405 2234 ex
427 2172 523 2235 codic.
545 2171 722 2236 lectionibus
744 2168 874 2254 antiquis
896 2187 934 2241 ex

184 2259 432 2324 Anuotaticnibns
453 2258 545 2324 uariis
568 2277 606 2322 ex

182 2345 281 2428 pirrhi
487 2363 525 2406 ex
1152 2411 1154 2418 ,

184 2430 338 2496 codicibus
361 2431 481 2492 Tribus.
502 2431 647 2508 Pontanj3
668 2427 805 2508 Venturij
826 2433 856 2492 et
876 2429 1000 2512 leontinj
1023 2452 1061 2497 ex

183 2516 334 2595 Diomedj⁸
355 2517 436 2598 guid.
457 2504 529 2578 corin.
553 2525 583 2578 et
603 2514 722 2594 Plautij.
744 2523 773 2578 et
795 2533 833 2580 ex
854 2515 921 2581 cod.
944 2519 1127 2604 Comparinj.

15 2647 16 2652 κ
86 2603 180 2688 Super
202 2605 277 2684 baec
297 2613 366 2684 post
386 2604 504 2665 lituram
525 2602 666 2664 Perseius
688 2601 825 2682 scripsit:
876 2649 878 2656 ,

187 2689 362 2769 Recoguori
396 2706 452 2768 ego
481 2690 624 2750 Antonius
653 2683 795 2749 Perreius
829 2686 948 2751 collatis
979 2692 1157 2758 emendatis·

185 2776 268 2838 simis
302 2783 331 2841 ct
361 2775 566 2839 uetustissimis
594 2774 706 2837 Romae
739 2781 768 2836 et
795 2771 967 2838 Florentiae
1002 2777 1158 2846 codicibus

184 2880 262 2924 anno
291 2862 384 2925 1528.

85 2946 221 3028 Denique
242 2947 290 3010 El.
312 2948 357 3024 II,
378 2950 431 3010 32.
451 2947 516 3010 init.
539 2947 586 3010 bis
608 2944 707 3010 uerbis
728 2962 818 3006 maun
846 2945 969 3027 antiqua
990 2951 1157 3032 conceptis:

84 3035 184 3110 „Finis
204 3035 290 3096 buius
309 3042 337 3096 et
358 3034 534 3115 principium
552 3031 735 3114 insequentis
754 3031 871 3110 elegiae
888 3031 1099 3098 desideratur“
1112 3063 1170 3095 --:

85 3119 224 3183 Petreius
250 3120 440 3201 subscripsit:
470 3121 575 3196 „baud
606 3119 721 3181 dnbie“
742 3150 786 3162 -
814 3125 843 3180 cl
871 3135 931 3181 nou
959 3137 1028 3182 raro
1058 3140 1157 3186 emen·

86 3205 235 3269 dationem
255 3207 315 3275 iam
333 3206 517 3286 propositam
537 3205 641 3268 iisdem
657 3203 757 3269 uerbis
775 3204 931 3282 repetitam
949 3203 996 3280 (ut
1012 3206 1065 3284 111,
1081 3214 1168 3284 7‚1‚,

88 3290 232 3371 11,14.)
260 3293 291 3353 iu
313 3289 453 3354 Puccii
478 3293 582 3355 codice
611 3301 662 3355 aut
689 3289 768 3372 apud
795 3289 1026 3355 Ubaldinum
1049 3295 1157 3376 (uult,

87 3381 141 3452 32,
164 3377 210 3458 5.)
240 3378 289 3441 rel
319 3375 607 3441 Cremonensem
638 3377 858 3458 episcopum
885 3374 1169 3458 (11,7‚13.)iu·.

86 3464 181 3526 ueniri
208 3464 261 3526 ait.
310 3464 381 3526 Utut
411 3475 471 3540 est,
499 3467 556 3528 boo
585 3474 712 3538 certum,
737 3463 882 3526 lectiones
908 3463 996 3540 illas,
1023 3470 1167 3546 quamvis·

87 3551 260 3631 saepissime
288 3567 353 3610 cum
380 3550 481 3612 Puccii
512 3549 766 3613 emendationibus
796 3549 1095 3628 conueniant,.nou,
1116 3563 1158 3620 ιιι

87 3636 236 3716 bucusque
258 3653 357 3697 omues
380 3637 478 3698 critici
499 3647 691 3711 censurarum,
718 3635 872 3697 maximam
893 3645 1009 3715 partem
1032 3655 1069 3700 ex
1091 3639 1156 3704 eius

89 3723 235 3804 excerptis
264 3723 385 3784 haustus
415 3739 498 3798 esse,
528 3722 582 3785 sed
612 3741 649 3784 ne
680 3722 826 3784 minimam
852 3721 980 3800 quidem.
1028 3720 1157 3789 Primum

88 3809 164 3868 enim
186 3825 245 3870 non
268 3807 355 3868 modo
378 3810 485 3872 multos
506 3811 722 3872 correctionum
739 3807 953 3870 Paccianarum
974 3825 1032 3868 uon
1059 3810 1160 3888 babet,
1254 3826 1256 3831 '

87 3893 139 3955 sed
162 3895 290 3974 plurima
310 3895 354 3956 ita
373 3894 435 3956 illis
457 3896 623 3970 contraria,
644 3902 677 3957 ut
697 3894 820 3955 Perreio
842 3892 933 3955 multa
954 3891 1090 3958 addenda
1111 3897 1160 3962 rel

87 3979 253 4060 supplenda
274 3980 467 4061 relinqueret.
509 3981 622 4062 Porro,
645 3978 739 4041 duos
763 3996 827 4039 eum
847 3979 989 4052 libros,
1016 3999 1068 4041 uec
1090 3983 1159 4062 plu-

87 4081 135 4128 res
158 4066 244 4128 simul
268 4066 428 4128 contulisse
454 4065 523 4129 iude
544 4067 679 4146 cogitur,
707 4063 789 4145 quod
809 4063 849 4126 ad
869 4063 955 4127 linem
976 4065 1023 4128 El.
1044 4067 1103 4144 ΙΠ,
1126 4074 1158 4131 2.

88 4150 257 4216 adnotavit:
287 4153 344 4226 „iu
372 4154 499 4215 altero
528 4153 699 4226 coniuncta,
727 4149 758 4210 in
787 4149 911 4212 altero
939 4151 1085 4214 disiuncta
1113 4161 1167 4218 est-

90 4235 219 4316 elegia.“
267 4237 379 4300 Horum
409 4236 555 4301 librorum
584 4253 691 4301 uuum
719 4235 813 4297 fuisse
841 4236 1022 4314 Pontani,
1051 4254 1157 4299 numen

88 4320 174 4386 bunius
193 4323 372 4388 litteratoris
396 4323 543 4388 interdum
564 4321 731 4408 appositum
755 4329 892 4386 testatur.
933 4322 990 4385 Hic
1011 4333 1110 4386 autem
1131 4323 1159 4387 si

912 4427 957 4494 ,16
