2806 4974
159 375 248 446 Caput
265 375 313 435 ΙΙ.
348 377 390 431 lle
405 374 469 431 latin
485 374 614 432 librorum
631 375 766 445 Propertii
785 389 869 445 traque
887 379 921 430 ad
938 377 989 436 litt.
1007 393 1063 452 ren.
1102 365 1179 443 229

110 566 208 632 genus
230 546 268 612 ab
289 549 329 612 iis
351 546 465 612 demum
485 558 567 612 recte
589 549 760 627 tenebatur,
782 550 833 631 qui
856 551 924 632 pari
946 550 1103 634 disciplina
1124 573 1179 636 pa-

110 655 176 700 rem
202 635 316 714 ingenii
342 634 450 697 cultum
471 644 569 698 esseut
589 637 730 711 assecuti,
756 653 812 699 rec
833 637 897 719 ipae
918 641 1050 720 „populi
1076 642 1179 702 eoniu-

111 739 176 785 sam
203 720 361 783 tabulam“
383 721 522 796 currebat,
552 720 705 782 dnmmodo
728 720 823 784 doctis
846 731 877 785 et
902 727 1035 804 ..puris“
1058 728 1179 788 anribna

109 808 307 890 probaretur,
328 815 357 869 et
377 815 437 869 tum
459 816 488 868 et
508 815 613 886 postea
633 823 793 886 paucorum
815 817 926 872 tanturn
947 812 1180 874 bominumseum

110 896 206 955 tuisse
229 902 454 960 consentaneum
477 901 530 954 est.
561 892 676 967 Quare
696 893 760 954 noli
781 895 901 970 mirari,
920 896 999 976 quod
1021 897 1180 974 Quintilia-

111 997 169 1042 nus
199 995 317 1060 proque
345 980 390 1040 rir
417 978 554 1040 acerrimi
581 979 684 1040 iudicii
711 978 790 1040 haud
817 979 905 1042 dubie
928 981 1079 1045 Tibullum
1104 983 1179 1046 Pro-

110 1065 211 1147 pertio
233 1064 367 1145 praefert
387 1062 425 1141 (Ι.
447 1064 483 1126 0.
504 1063 550 1136 Χ,
574 1067 607 1137 Ι,
628 1065 694 1139 95.)
718 1074 748 1127 et
775 1081 841 1126 esse
868 1073 993 1142 tartum,
1022 1071 1072 1148 qni
1101 1069 1177 1130 burne

111 1169 201 1233 quam
221 1151 305 1212 illum
326 1149 443 1223 malint,
466 1158 626 1212 asseverat.
669 1149 744 1213 Nam
773 1165 836 1212 oum
863 1151 894 1212 in
922 1154 1089 1216 uuiversum
1115 1156 1176 1216 lio-

111 1237 193 1300 mani
215 1234 344 1316 nogotiis
366 1233 500 1298 ciuilibus
514 1234 606 1296 dediti
628 1253 680 1296 eos
703 1235 797 1298 solum
819 1245 974 1318 poetarum
994 1233 1075 1300 loeus
1099 1242 1176 1302 arri·

111 1331 251 1405 puerunt,
266 1337 389 1402 quornm
410 1322 441 1382 in
460 1318 557 1382 medio
577 1323 869 1402 posita-argumenta
886 1323 952 1387 lere
973 1325 1025 1387 otii
1049 1325 1180 1388 oblecta·

111 1417 241 1470 mentum
261 1423 316 1470 neo
336 1406 435 1468 moltis
454 1405 559 1469 studiis
579 1407 778 1478 redimendum
797 1409 990 1489 praeberent,
1011 1419 1070 1473 tom
1086 1410 1180 1489 Quiu-

111 1493 235 1558 tiliauus
265 1510 301 1556 eo
323 1492 505 1574 potissimum
528 1493 652 1555 oonsilio
680 1505 784 1574 poetas
806 1495 929 1558 Latinos
958 1505 1109 1571 recenset,
1136 1506 1177 1574 nt,

114 1587 255 1662 quornm
283 1579 396 1642 tructus
426 1577 495 1640 inde
523 1577 683 1640 loturus
718 1590 854 1642 orator
886 1581 1055 1663 percipere
1074 1583 1178 1662 possit,

114 1664 271 1746 ostendat.
305 1665 351 1725 Ab
370 1665 426 1725 hae
449 1672 544 1725 autem
564 1674 649 1744 parte
667 1665 780 1736 Tibulli
800 1684 894 1746 genus
914 1667 1180 1749 longePropertio

113 1751 218 1814 utilius
248 1767 313 1812 esse
343 1748 412 1811 ooll.
436 1749 567 1826 Quaestt.
596 1751 697 1812 barum
719 1752 756 1813 L.
776 1751 815 1814 11.
837 1752 911 1833 Gap.
933 1753 1080 1820 111-vl
1107 1755 1180 1816 satis

115 1844 270 1918 appareat.
314 1835 388 1896 ilinc
416 1837 546 1915 quamvis
573 1839 675 1916 primis
705 1837 866 1901 Gaesarem
897 1839 1026 1902 saeculis
1053 1840 1180 1902 maxima

116 1940 233 2003 semper
261 1922 324 1983 cius
353 1930 431 1982 essct
456 1922 534 1983 inter
561 1923 693 1985 homines
720 1924 920 2002 elegantiores
947 1926 1029 1988 fama
1054 1923 1108 2002 (ci.
1129 1924 1180 1987 lu-

114 2009 214 2073 renal.
229 2008 278 2081 Vl,
301 2009 330 2068 7.
351 2006 486 2070 Martini.
509 2007 564 2088 Ep.
583 2007 658 2083 Vlll,
680 2011 729 2082 73,
752 2013 780 2074 5.
801 2009 881 2086 XIV,
904 2014 974 2075 189.
996 2011 1072 2074 Stat.
1086 2010 1179 2075 Siler.

115 2095 141 2172 Ι,
158 2099 187 2168 2,
206 2090 304 2166 253),
326 2110 420 2173 neque
441 2092 518 2154 idem
540 2094 577 2153 eb
591 2094 739 2176 Appuleio
761 2105 863 2175 posset
883 2096 1019 2176 ignorari
1038 2095 1180 2179 (Apoleg.

116 2200 147 2264 p.
170 2182 242 2242 279.
261 2177 370 2258 stim),
397 2187 493 2240 temen
522 2196 586 2240 eum
613 2181 779 2242 labentibus
808 2183 916 2243 sensim
943 2183 1061 2264 imperii
1091 2183 1180 2245 reb'us

117 2264 218 2329 studia
241 2281 358 2344 quoque
386 2263 532 2326 liberiora
552 2266 583 2326 iu
604 2268 723 2329 exitium
745 2277 908 2343 verterent,
936 2268 1108 2349 Propertius
1134 2268 1180 2328 in-

115 2363 165 2416 ter
186 2352 296 2432 primos
317 2349 410 2412 fuisse
429 2349 562 2424 ridetur,
591 2353 672 2412 errius
701 2372 769 2414 suus
796 2354 922 2434 populus
944 2347 1179 2418 obliuisceretur.

116 2439 196 2501 Hine
223 2436 375 2516 rarissima
402 2434 480 2516 apud
507 2437 668 2515 scriptores
696 2437 949 2501 Christianos
980 2441 1043 2504 eins
1072 2439 1179 2501 mentio

119 2525 309 2604 (Lactaut.
338 2521 405 2584 Dir.
434 2521 504 2602 lust.
531 2521 561 2595 1,
590 2527 620 2585 6.
657 2523 785 2586 Sidou.
818 2524 987 2604 Apollin.
1021 2524 1115 2606 Epist.
1142 2524 1183 2603 ΙΙ,

16 2608 18 2614 ’
119 2611 190 2689 10.)
219 2616 263 2682 et,
289 2607 367 2687 quod
399 2607 492 2686 magis
521 2606 695 2684 admireris,
728 2611 815 2671 etiam
844 2609 923 2689 apud
956 2611 1183 2687 grammati·

119 2713 196 2759 eos.
237 2692 311 2756 Nam
331 2711 370 2756 ne
396 2691 433 2755 de
453 2687 659 2772 Fulgentio
688 2695 800 2770 dicam,
829 2712 914 2775 quem
940 2679 987 2757 bii
1012 2696 1043 2758 in
1065 2694 1183 2758 citando

117 2781 278 2861 Propertio
299 2797 444 2859 pecoassc
463 2778 588 2840 uidimus
604 2780 751 2856 (Quaerit.
765 2783 868 2843 barum
880 2780 964 2843 Libr.
975 2781 1027 2843 ΙΙΙ.
1042 2780 1115 2861 Gap.
1127 2779 1184 2860 1.):

120 2867 337 2941 Charisius,
357 2883 442 2946 quem
463 2864 601 2944 Scaliger
619 2867 666 2927 ΕΙ.
687 2867 745 2943 ΙΙΙ,
765 2869 795 2942 8,
815 2870 866 2929 37.
889 2867 1030 2930 exbibete
1052 2867 1104 2940 ait,
1124 2883 1183 2928 mc-

119 2954 218 3016 moria
238 2951 357 3032 lapsus,
385 2960 416 3013 ut
440 2959 521 3013 recte
543 2950 694 3014 admonuit
713 2953 897 3014 Burmannus
919 2951 957 3014 ad
980 2970 1006 3015 e.
1024 2951 1047 3013 Ι.
1070 2950 1124 3030 (ci.
1146 2950 1184 3028 ll,

121 3043 173 3114 13,
188 3040 238 3101 35.
263 3041 313 3112 33,
329 3039 380 3100 37.
402 3036 455 3111 ΙΙΙ,
474 3040 526 3114 ΙΙ,
543 3038 619 3117 lu),
638 3039 781 3101 Nerius
803 3038 847 3118 (p.
865 3041 936 3112 169,
956 3040 1007 3101 28.
1027 3035 1184 3113 Martem),

121 3122 329 3188 Diomedes
358 3121 418 3196 (ed.
441 3121 506 3184 cot
530 3126 622 3185 1528.
652 3142 682 3205 p.
707 3125 773 3204 29.)
805 3123 929 3202 singulis
958 3130 1068 3187 tantum
1097 3122 1184 3198 locis,

121 3209 284 3275 Servius
312 3224 384 3271 nero
413 3225 471 3270 uon
500 3207 640 3288 plaster
667 3208 705 3270 ad
735 3217 836 3289 partes
864 3217 1057 3284 ruminent,
1084 3226 1185 3289 quarn·

123 3314 212 3377 quarn
242 3311 401 3374 usurpasse
430 3293 602 3356 Diomedem
634 3295 784 3374 exemplar
812 3295 875 3356 eius
907 3303 937 3357 et
964 3294 1082 3374 legisse
1106 3294 1184 3356 alios

118 3385 206 3446 loeus
229 3379 361 3442 declaret
380 3378 430 3454 (L.
451 3379 505 3441 ΙΙΙ.
527 3379 599 3460 Gap.
621 3380 671 3444 VI.
693 3380 880 3459 sectili),
902 3398 965 3442 earn
988 3390 1085 3443 tamen
1100 3379 1185 3441 Lati-

122 3486 181 3531 nae
202 3467 324 3544 linguae
346 3466 560 3545 proprietatem
581 3474 760 3528 tractaturus
780 3467 936 3547 plurimum
960 3466 1029 3528 inde
1051 3467 1081 3527 in
1102 3483 1186 3527 snum

122 3572 206 3617 osum
227 3551 365 3614 conterre
384 3552 522 3631 potuerit.
566 3551 797 3614 Prisciauum
818 3570 889 3616 rero
907 3569 943 3614 ne
963 3552 1102 3614 babuisse
1120 3552 1186 3631 qni-

124 3640 190 3704 dem
213 3656 250 3700 ea
271 3636 402 3698 earmina
422 3635 616 3710 crediderim,
638 3656 703 3699 cunr
723 3639 753 3699 in
774 3646 857 3700 tanta
882 3647 1036 3720 poetarum
1056 3644 1186 3699 ueterum
1214 3709 1219 3717 .

124 3732 237 3804 segete,
258 3739 381 3803 quorum
398 3723 491 3784 rerba
510 3739 565 3800 per
586 3731 678 3786 toturn
697 3724 833 3785 uolumen
854 3725 972 3798 excitat,
990 3722 1081 3784 semel
1099 3721 1187 3783 modo

125 3810 274 3890 Propertii
296 3807 475 3881 meminerit,
505 3806 595 3886 idque
616 3810 647 3870 iu
670 3809 788 3882 eodem,
812 3827 869 3889 quo
888 3807 1062 3884 Diomedes,
1089 3825 1187 3870 nereo.

126 3899 315 3976 Quapropter
342 3910 400 3954 non
430 3893 531 3955 dubito
559 3893 715 3974 quincius
743 3894 803 3955 loci
824 3895 958 3956 notitiam
986 3895 1043 3974 ipsi
1072 3893 1185 3956 demum

126 3980 272 4054 Diomedi,
294 3996 352 4040 ron
367 3979 517 4060 Propertii
537 3977 659 4041 lectioni
679 3979 823 4042 debuerit.
853 3980 959 4042 'liuius
978 3981 1072 4059 igitur
1091 3979 1186 4041 libros

126 4069 181 4129 illa
204 4073 319 4140 aetate,
342 4072 370 4125 et
390 4065 548 4144 praecipue
569 4065 600 4125 in
621 4061 760 4127 orientali
781 4065 898 4145 imperii
917 4073 1004 4148 parte
1025 4082 1111 4126 raros
1132 4061 1186 4124 ad·

126 4154 241 4215 modum
263 4151 355 4213 inisse
381 4151 447 4212 iure
469 4148 607 4226 colligas.
651 4151 833 4230 eramquam
855 4143 892 4212 ne'
920 4167 1044 4233 prorsus
1069 4148 1186 4211 abditos

128 4240 158 4300 iu
180 4236 369 4301 bibliothecis
385 4236 505 4297 saeculo
519 4252 549 4314 p.
563 4234 632 4297 Gbr.
646 4255 674 4296 n.
686 4235 738 4300 Vl.
750 4251 810 4298 uon·
826 4235 913 4298 modo
936 4235 1112 4309 interalios,
1133 4231 1187 4293 sed

129 4342 166 4388 ne
189 4319 445 4403 constantinopoli
471 4319 590 4403 quidem
616 4320 770 4388 delituisse
792 4321 914 4385 eredas:
942 4320 1107 4386 Paullus
1135 4318 1189 4382 ille
