2762 4972
423 358 511 429 Capul
526 357 575 419 Vl.
607 357 650 414 Da
667 357 827 414 elocutione.
886 426 888 430 ¹
1085 341 1161 426 139

261 533 333 600 alque
349 530 452 583 attonsa
468 544 542 594 maye
558 537 593 582 te
610 530 689 584 retnis
707 523 858 598 confisa
873 531 981 584 micatis

293 599 412 674 Parparia
429 599 547 650 Lucrina
566 598 656 665 cymba
673 607 790 652 morrtrer
807 615 886 668 aquo.

83 722 175 802 Quod
206 721 337 804 quamuis
364 738 420 802 per
442 721 560 801 aliquas
575 723 740 785 *verborum
765 722 926 786 calumnias
954 723 1044 787 aliter
1066 723 1161 807 expli-

84 812 150 873 cari
169 827 260 892 posse
277 809 402 883 rideam,
422 825 530 870 uereor
550 818 658 884 tamen,
677 827 715 872 ue
737 811 780 873 sic
800 809 867 873 dum
888 809 1042 874 audaciam
1065 829 1162 874 euren-

85 897 162 960 dare
184 897 276 970 uelis,
298 895 521 957 concinnitatem
542 893 642 957 tollas.

189 999 260 1061 Alia
280 1014 352 1061 reno
380 1014 493 1076 genera
515 997 593 1058 omni
617 996 760 1060 latinitati
780 998 961 1073 communia,
987 1016 1042 1060 uec
1062 1006 1161 1061 tamea

86 1085 201 1168 unique
221 1092 304 1148 reete
324 1083 493 1159 intellecta,
516 1082 555 1146 cl.
575 1081 623 1146 El.
641 1082 666 1159 1,
687 1085 719 1146 3.
737 1081 786 1146 lin.
807 1083 862 1160 lll,
881 1086 913 1164 4,
932 1085 963 1149 5.
984 1084 1034 1162 IV,
1056 1087 1086 1163 l,
1108 1085 1161 1150 14.

381 1229 409 1300 §.
428 1236 471 1286 20.
506 1231 625 1286 Genitiui
642 1249 706 1286 usus
723 1232 874 1300 singularis.

191 1356 246 1422 Est
266 1351 516 1437 etian'quaedam
534 1357 721 1420 attractionis
738 1356 848 1419 uicinia
869 1372 933 1418 cum
955 1375 1010 1418 uso
1031 1354 1165 1435 genitivi,

91 1443 210 1527 qualern
235 1445 266 1506 in
285 1443 444 1525 Propertio
466 1443 531 1505 solo
554 1444 701 1506 inuenisse
722 1443 792 1505 milri
812 1440 926 1506 ridear.
968 1440 1071 1522 Neque
1091 1458 1163 1504 uero

90 1548 168 1594 uunc
193 1549 258 1594 eum
281 1529 348 1592 dico
374 1530 499 1591 mominis
526 1530 644 1610 proprii
671 1530 848 1608 genitivum,
875 1528 1164 1610 quemappcllatiro

93 1617 208 1682 addere
237 1616 350 1690 solent,
378 1632 436 1694 quo
459 1613 490 1676 id
519 1616 687 1677 accuratius
711 1614 883 1691 definiatur,
911 1632 965 1675 asu
990 1631 1050 1675 uon
1078 1613 1165 1676 nimia

91 1705 171 1766 inter
192 1703 341 1765 Romanos
367 1701 500 1780 rrrlgari,
525 1701 608 1764 relrrt
633 1702 705 1762 urbs
731 1701 858 1776 Romae,
885 1699 1024 1762 faciliore
1047 1700 1078 1761 in
1101 1699 1165 1760 col·

91 1790 226 1864 lecticis,
249 1798 281 1850 at
301 1787 429 1870 populus
451 1786 618 1850 Medorum.
663 1788 745 1849 lluuc
769 1786 843 1849 enim
866 1785 1000 1866 exemplo
1022 1785 1053 1848 in
1076 1785 1165 1861 omui,

94 1885 232 1957 quantum
254 1875 360 1947 sciam,
379 1872 527 1935 latinitate
553 1873 700 1952 singulari
723 1889 786 1935 cum
813 1872 1051 1936 nominativo
1078 1870 1165 1953 plu-

93 1964 169 2024 rali
193 1961 322 2022 iunctum
343 1960 434 2021 hahet
449 1959 633 2039 Propertius,
654 1969 685 2021 ut
701 1959 739 2033 11,
751 1963 782 2032 9,
796 1959 864 2022 Po:
887 1958 958 2021 dum
980 1995 1022 2006 -
1044 1958 1099 2021 tibi
1121 1993 1164 2006 -

92 2047 184 2112 liccat
204 2083 246 2094 -
267 2044 460 2110 Medorum
481 2077 523 2088 -
543 2047 590 2107 ire
610 2063 666 2126 per
682 2039 827 2120 lrostes,
848 2044 900 2105 ulti
921 2045 1076 2122 ingeniose
1090 2045 1168 2106 Bor·

94 2150 233 2208 mannus,
254 2131 386 2212 quamuis
412 2131 538 2206 trustra,
565 2133 692 2194 hastas
717 2129 820 2194 uoluit.
864 2128 923 2192 Sed
947 2147 1022 2192 nuuc
1044 2130 1082 2192 de
1104 2130 1166 2192 alio

96 2236 218 2300 genere.
264 2218 323 2280 Ubi
345 2217 420 2278 enim
443 2219 653 2281 substantivum
676 2216 798 2297 aliquod
826 2214 863 2277 ad
892 2215 1015 2278 alterum
1039 2217 1168 2280 interce·

96 2307 183 2370 deute
206 2304 291 2391 perlui
311 2305 433 2365 notione
462 2313 527 2366 erat
555 2303 759 2378 referendum,
790 2311 821 2365 ut
848 2301 977 2365 datiuum
999 2304 1096 2383 potius
1118 2301 1168 2379 rel

95 2390 346 2476 praepositionem
375 2407 462 2470 quarn
489 2390 647 2469 genitivum
674 2390 802 2470 positum
830 2389 938 2462 uelles,
966 2390 1042 2451 lruuc
1069 2398 1169 2452 tamea

95 2497 154 2561 pro
180 2479 236 2539 illo
265 2486 435 2556 usurpatum
463 2493 481 2534 a
508 2475 665 2556 Propertio
695 2473 968 2548 animadvertimus,
995 2483 1027 2537 ut
1047 2473 1094 2536 El.
1116 2474 1167 2551 lv,

99 2569 135 2638 l,
158 2567 246 2628 101.:
269 2561 433 2624 lunonis
455 2570 577 2622 uotum
600 2561 691 2622 facite
712 2560 916 2640 impetrabile,
938 2558 1018 2639 quod
1039 2561 1167 2623 lacobus

95 2649 240 2712 librorum
255 2649 379 2710 omnium
401 2647 577 2708 auctoritate
597 2647 690 2708 fretus
712 2647 777 2707 iure
797 2648 931 2725 reposuit
951 2663 1007 2724 pro
1021 2663 1067 2721 eo,
1086 2645 1167 2726 quod

98 2735 188 2814 uulgo
215 2734 343 2812 legitur:
366 2733 509 2796 lunoni.
553 2732 615 2795 Nec
638 2730 805 2795 tentandum
827 2733 919 2810 igitur
941 2732 997 2805 lV,
1021 2736 1076 2806 10,
1100 2735 1169 2796 dia

100 2821 166 2883 Illi
188 2821 224 2898 (i.
246 2837 271 2882 e.
295 2818 422 2893 illius)
445 2817 656 2881 iaculantis
680 2847 723 2860 -
746 2819 903 2898 torquis
926 2817 1047 2884 decidit.
1090 2818 1167 2880 lliuc

101 2923 216 2988 quoquc
239 2907 372 2966 omnious
395 2905 481 2970 libris
509 2905 712 2982 flagitantibus
737 2903 899 2985 eodemque
919 2903 1031 2966 Iacobo
1052 2902 1169 2968 uindice

99 3011 173 3056 uano
194 2992 306 3072 legitur
327 2991 387 3065 lll,
412 2993 556 3065 ll,117.:

272 3109 435 3228 Opptiopis
459 3107 595 3161 olrsceoi
613 3110 726 3177 pretium
741 3111 866 3161 Romano
882 3109 1004 3176 poposcit

336 3194 410 3229 aeota
429 3204 462 3215 -

100 3283 151 3347 ubi
170 3291 253 3346 recte
275 3283 518 3368 ille:¹,‚Pretiam
540 3282 732 3362 coniugis,
753 3282 835 3362 qood
858 3283 966 3348 coniux
986 3282 1068 3347 dat.“
1110 3281 1173 3347 Sed

102 3372 239 3451 quoniam
262 3371 409 3430 etiamtum
438 3370 677 3450 poscebatur
706 3369 828 3431 necdum
850 3388 958 3434 reuera
980 3369 1077 3433 datum
1099 3378 1174 3446 erat,

102 3458 179 3518 alius
212 3457 374 3536 scripturus
406 3454 513 3516 luerit:
547 3473 567 3516 a
595 3455 773 3534 coniuge.
825 3455 870 3518 ct.
899 3456 937 3517 ad
968 3475 995 3519 e.
1022 3457 1043 3520 l.
1096 3456 1174 3518 Hinc

101 3543 143 3618 ll,
176 3545 211 3616 l,
240 3545 292 3605 20.
327 3541 531 3603 Lachmaunus
565 3542 715 3620 reposuit:
749 3549 781 3603 ut
812 3542 921 3603 eceli
956 3541 1060 3606 Pelion
1095 3551 1174 3606 esset

100 3629 240 3691 iter-
261 3644 317 3708 pro
341 3626 477 3706 uulgata:
501 3625 623 3700 coelo,
644 3645 817 3707 quamquam
838 3627 864 3688 is
885 3645 944 3689 non
965 3629 1037 3690 satis
1062 3627 1175 3690 discre-

101 3715 143 3777 rit
168 3713 304 3792 exempla
330 3733 348 3774 a
370 3731 401 3774 se
428 3713 492 3774 illio
517 3721 667 3790 congesta.
711 3711 788 3774 llam·
814 3730 873 3773 uon
898 3714 929 3774 iu
957 3731 993 3775 eo
1016 3713 1174 3777 dillicultaa

101 3800 202 3881 posita
234 3805 294 3873 est,
331 3797 410 3878 quod
443 3798 547 3860 cccli
581 3799 660 3860 iter
694 3796 730 3858 dc
768 3799 921 3861 itinere
955 3800 993 3860 in
1025 3802 1175 3862 coelum

101 3887 182 3948 tacto
206 3883 314 3946 dicitur
334 3884 404 3960 (loo
427 3885 503 3945 enirn
522 3883 662 3960 rrrlgare;
684 3883 727 3944 sio
748 3885 881 3946 mortis
904 3887 981 3946 iter
1002 3885 1055 3961 ΙΙΙ,
1076 3890 1106 3961 7,
1127 3891 1175 3961 2.;

102 3970 297 4035 Phasidos
322 3971 385 4032 ria
407 3969 436 4044 l,
459 3974 515 4044 20,
539 3970 620 4047 ld),
646 3968 698 4030 sed
722 3969 800 4048 quod
829 3971 911 4033 iuxta
931 3973 1052 4032 verbum
1080 3987 1175 4044 esse,

104 4066 263 4138 praeterea
283 4065 389 4131 autem,
411 4054 491 4134 quod
511 4055 628 4136 ipsum
649 4054 786 4117 Pelion
807 4055 867 4119 iter
889 4057 979 4118 audit.
1002 4091 1044 4102 -—
1089 4055 1176 4134 Quod

104 4160 177 4206 vero
197 4143 362 4204 innomine
381 4143 537 4221 genitivus,
556 4141 613 4202 hoc
633 4140 663 4201 iu
680 4142 854 4221 pronomine
873 4144 1025 4224 personali
1048 4151 1178 4220 cognata

105 4229 269 4309 possessiui
290 4228 387 4290 forma
410 4227 509 4290 elficit.
552 4226 658 4307 ltaque
687 4228 744 4289 lruc
772 4244 889 4309 quoque
917 4230 1046 4308 pertinet
1069 4228 1117 4290 El.
1139 4229 1177 4304 ll,

106 4317 143 4395 9,
165 4318 234 4380 30.:
259 4315 319 4380 Aut
345 4331 430 4379 mea
456 4313 484 4378 ai
510 4321 605 4378 staret
633 4313 744 4378 uaria
771 4313 804 4378 in
824 4316 944 4381 Oceano
968 4351 1006 4364 -
1029 4330 1089 4395 quo
1117 4328 1177 4377 nou
