2822 4976
347 357 437 429 Caput
453 355 500 414 Vl.
533 355 576 412 Da
591 353 755 411 editionibus
773 355 917 428 Propertii.
1095 345 1173 428 ξω

98 539 220 597 etcum
240 531 271 594 in
291 529 402 594 Paccio
424 527 478 610 (cl.
500 527 532 607 l',
555 531 613 606 te,
633 531 663 594 9.
684 529 730 608 11,
751 533 787 607 8,
807 528 892 609 db),
912 529 1047 596 Portuno
1071 532 1112 614 (r.
1133 533 1174 600 ad

98 619 151 694 11,
176 622 227 694 13,
251 619 314 698 1.),
336 615 502 680 editoribus
520 616 695 679 Aldinarunr
717 618 812 695 (uelut
833 618 895 693 ΙΙΙ,
917 623 948 694 6,
969 619 1032 698 9.),
1062 629 1121 683 tum
1142 623 1174 685 in

98 705 259 768 Beroaldc
280 720 340 766 non
360 702 448 764 ruodo
468 703 655 764 coniectandi
673 704 804 766 facilitas
821 705 1004 781 admiranda,
1026 706 1079 768 sed
1097 725 1177 770 oom-

100 793 313 854 rnentariorum
337 792 425 852 etiam
448 789 584 852 doctrina
604 790 765 852 uberrima.
809 791 901 867 Quam
925 793 1005 872 qnod
1025 794 1067 854 ita
1086 813 1177 874 super

101 890 257 941 auctorem
279 895 360 939 suum
383 876 598 961 quodammodo
620 875 773 938 ellandere
795 871 945 954 solebant,
967 888 1077 943 utnon
1100 882 1178 944 buno

103 963 277 1028 illustrandi
306 980 398 1025 causa
419 964 591 1046 scripsisse,
615 963 667 1025 sed
695 972 725 1026 nt
749 964 787 1025 iis
809 973 954 1044 umquam
978 975 1068 1044 grata
1090 983 1179 1029 occa-

103 1051 192 1116 sione
216 1052 263 1114 usi
283 1067 348 1112 esse
369 1049 555 1126 riderentur,
575 1067 634 1129 qua
655 1052 768 1124 onnia,
788 1067 863 1130 quae
885 1053 1008 1127 scirem,
1027 1052 1179 1116 commode

102 1147 230 1220 possent
257 1136 423 1217 explicare:
451 1137 532 1198 illins
560 1137 703 1216 temporis
731 1135 836 1199 studiis
865 1137 1088 1202 accommodata
1115 1148 1181 1204 erat

106 1242 144 1286 ea
170 1226 251 1286 ratio
277 1232 307 1285 et
327 1222 365 1285 ad
388 1222 540 1292 auditores
562 1225 747 1303 antiquarum
768 1224 873 1286 artium
896 1224 1069 1287 rudissimos
1090 1244 1179 1308 prae-
1209 1277 1211 1284 ,
1283 1247 1285 1252 ·

105 1313 204 1392 cipuis
233 1309 383 1372 variarum
415 1327 514 1372 rerum
548 1310 662 1372 notitiis
697 1310 871 1372 imbuendos
903 1312 1020 1374 minime
1053 1313 1179 1378 inutilis.

105 1396 215 1477 ltaque
235 1397 313 1459 iuter
334 1397 409 1458 baec
436 1398 535 1476 prima
561 1395 687 1458 studiosi
717 1396 829 1460 saeculi
858 1399 1074 1478 experimenta,
1102 1400 1181 1460 anti·

107 1484 232 1566 quitatis
252 1482 379 1543 scientia
401 1483 495 1560 magis
516 1481 673 1560 gliscente,
694 1500 744 1544 ars
765 1485 870 1546 critica
891 1502 942 1546 eos
961 1485 1113 1564 proiectus
1135 1485 1182 1546 lo-

108 1574 165 1644 cit,
187 1579 233 1644 ut,
256 1569 387 1649 qrramris
404 1569 632 1647 castigationum
651 1568 719 1631 loco
739 1568 829 1632 dubia
847 1571 948 1645 multa,
969 1571 1059 1632 multa
1077 1580 1182 1651 aperte

108 1655 192 1720 lalsa
212 1659 433 1735 reciperentur,
454 1673 570 1736 semper
591 1667 689 1718 tanen
710 1656 894 1719 emendatior
913 1657 1088 1739 Propertius
1110 1673 1183 1737 pro·

110 1742 206 1816 diret,
229 1750 259 1805 et
279 1741 330 1822 qui
355 1742 412 1802 iant
435 1741 497 1819 legi
520 1751 549 1804 et
570 1759 666 1822 paene
688 1742 818 1823 intelligi
843 1751 955 1824 posset.
999 1745 1061 1806 llos
1083 1753 1181 1808 autem

110 1836 245 1904 conatus,
265 1843 357 1908 supra
377 1828 470 1889 iustos
492 1826 563 1888 fines
586 1829 758 1908 saepissime
779 1841 949 1908 eragames,
969 1831 1080 1910 prinus
1102 1847 1183 1892 com·

111 1915 229 1998 pascuit
252 1913 440 1989 Muretus,
468 1913 592 1993 elegans
613 1916 660 1977 vir
687 1923 716 1977 et
740 1916 856 1995 pulchri
884 1935 971 1978 sensu
990 1916 1070 1978 baud
1097 1933 1183 1997 sper-

110 2001 211 2068 nendo
233 1999 400 2081 praeditus,
422 2002 532 2082 quique
557 2001 624 2081 plus
646 2004 851 2082 superioribus
876 2003 1086 2083 interpretibus
1109 2014 1184 2067 tem-

110 2104 222 2172 perare
243 2086 301 2146 sibi
322 2087 381 2147 iam
402 2085 564 2149 didicisset.
605 2087 711 2166 ltaque
732 2105 797 2151 cum
816 2091 938 2164 recisis,
961 2107 1038 2169 quae
1060 2088 1099 2150 ad
1121 2107 1184 2151 rem
1234 2091 1235 2096 ’

110 2192 174 2240 non
193 2173 385 2254 pertinerent,
403 2174 559 2254 superlluis
577 2170 730 2236 doctrinae
748 2177 833 2256 quasi
855 2176 1020 2251 sarmentis,
1038 2174 1076 2237 ad
1096 2193 1185 2238 unum

111 2260 302 2341 Propertium
323 2258 530 2321 illustrandum
552 2276 585 2320 se
613 2263 807 2338 couverterit,
835 2264 946 2342 primus
967 2263 1073 2324 merito
1094 2263 1186 2324 babe-

112 2358 180 2422 tur,
207 2346 256 2426 qui
286 2361 373 2409 uerus
402 2356 510 2427 poetae
537 2345 685 2426 interpres
711 2351 806 2428 possit
833 2351 947 2412 baberi.
990 2349 1087 2412 Multo
1112 2365 1184 2412 raro

112 2437 211 2498 minus
233 2430 311 2493 idem
331 2431 508 2494 inveniendo
528 2431 637 2506 saluit,
661 2441 691 2495 et
712 2434 908 2516 languescere
929 2437 960 2498 iu
988 2451 1024 2496 eo
1051 2436 1185 2516 priorum

113 2531 279 2601 temporum
300 2518 487 2582 coniectandi
513 2517 696 2580 alacritatem
719 2539 777 2584 uon
805 2522 916 2582 iniuria
937 2520 1065 2596 dixeris,
1093 2522 1188 2603 siqui·

114 2608 184 2671 dem
215 2605 468 2681 emendationum,
505 2621 582 2686 quae
613 2605 735 2682 iugenio
770 2608 833 2669 eius
868 2606 1063 2684 deberentur,
1097 2625 1186 2670 unam

115 2693 207 2758 modo
236 2691 305 2768 (IV,
331 2698 387 2768 ll,
409 2693 476 2772 50.)
506 2693 934 2772 commemoratione-digram
962 2694 1111 2756 interisse
1140 2712 1186 2757 rae

116 2779 246 2845 memini.
290 2781 386 2860 Atque
408 2797 515 2842 reuera
536 2779 697 2855 saeculum,
716 2779 851 2843 docmina
872 2800 927 2842 sua
950 2797 1094 2855 securum,
1116 2797 1189 2861 per·

115 2871 156 2932 tis
180 2869 287 2948 opibus
310 2867 427 2929 iamiam
451 2866 673 2928 obdormiscere
697 2875 849 2948 coeperat.
891 2867 996 2947 Itaque
1024 2868 1108 2930 nouis
1135 2883 1188 2928 co·

115 2957 236 3021 natibus
267 2964 333 3017 erat
361 2950 564 3026 excitandum,
593 2962 622 3015 et
650 2961 715 3016 tota
741 2954 771 3015 ri
793 2953 890 3014 denuo
921 2955 952 3015 in
982 2953 1114 3015 criticam
1142 2953 1189 3014 in·

110 3039 321 3110 ,cumbendum
373 3041 437 3103 lloo
471 3057 560 3101 unum
593 3056 667 3120 opus
703 3057 770 3103 esse
804 3039 973 3102 acutissime
1004 3038 1189 3118 Scaliger

116 3129 289 3214 perspexit,
311 3145 369 3208 quo
392 3126 494 3202 simul,
516 3126 567 3205 qui
589 3126 685 3204 magis
706 3125 753 3188 illi
775 3127 887 3188 muneri
908 3145 965 3207 par
987 3135 1081 3200 esset,
1102 3141 1188 3188 nemo

117 3225 239 3299 poteret
260 3215 396 3276 inueniri.
439 3214 478 3276 At
499 3213 563 3288 bic,
591 3229 655 3273 cum
677 3211 714 3275 de
735 3214 852 3292 integro
874 3229 998 3293 prorsus
1020 3213 1076 3274 sibi
1095 3229 1190 3289 agen·

119 3302 187 3366 dour
208 3311 238 3365 et
258 3311 317 3363 tnm
337 3299 460 3375 demun,
482 3296 651 3368 cumcodd.
669 3308 807 3362 accurate
828 3308 1066 3379 comparatorum
1084 3307 1190 3360 aucto·

118 3390 210 3452 ritate
239 3387 448 3463 desereretur,
475 3384 514 3449 ad
545 3386 733 3448 coniecturas
762 3385 993 3464 confugiendum
1025 3384 1084 3446 sibi
1112 3401 1190 3461 esse,

118 3479 230 3558 optime
252 3473 517 3547 animaduerteret,
539 3479 652 3548 tamen,
680 3473 751 3553 quia
772 3482 802 3535 et
828 3474 893 3553 ipse
918 3472 1004 3534 libris
1027 3471 1099 3532 satis
1122 3487 1191 3534 cor·

119 3565 217 3643 ruptis
239 3559 385 3635 utebatur,
408 3568 438 3622 et
460 3559 620 3620 damnosae
640 3558 687 3620 illi
703 3559 868 3622 Alexandri
890 3559 928 3620 ab
949 3557 1121 3621 Alexandro
1143 3557 1192 3620 la-

117 3649 209 3712 balae
229 3646 316 3708 fidem
338 3645 423 3708 nimis
445 3643 584 3707 credulus
613 3645 760 3721 babebat,
788 3663 857 3708 mox
884 3645 983 3706 omnia
1010 3643 1131 3723 ingenio
1153 3642 1193 3705 li-

118 3752 189 3797 cere
213 3734 366 3814 opinatus,
394 3741 477 3795 tanta
496 3731 528 3792 in
554 3730 763 3812 dispescendis'
780 3741 809 3794 et
836 3719 1063 3810 transponendis
1086 3729 1194 3791 carmi·

119 3839 188 3883 num
214 3821 333 3882 laciniis
363 3819 491 3896 audacia
521 3825 565 3879 est
601 3826 772 3895 grassatus,
801 3827 835 3880 nt
858 3816 1045 3897 Propertium
1072 3814 1192 3878 inedias

120 3923 208 3989 qaam
230 3907 368 3968 Bacchae
390 3905 551 3968 Pentheum
579 3902 764 3966 dilacerasse
786 3903 949 3965 rideretur.
992 3905 1089 3982 Atque
1117 3903 1194 3964 baec

120 3993 240 4075 quidem
266 3991 409 4065 uulnera,
438 4008 515 4072 quae
545 4007 582 4051 ue
611 3989 726 4051 dnobus
759 3989 876 4069 quidem
905 3987 1034 4051 saeculis
1063 3989 1194 4067 integris

119 4082 271 4155 coierunt,
290 4095 453 4161 paucorum
474 4076 588 4138 dierum
611 4078 708 4158 spatio
731 4083 838 4157 poetae
861 4084 928 4139 aaut
948 4075 1078 4149 indicta,
1100 4073 1195 4154 siqui-

120 4165 186 4228 dem
213 4167 279 4246 ipse
306 4163 403 4246 praei.
425 4182 456 4244 p.
482 4167 528 4227 3.:
550 4163 707 4240 „Deum“,
728 4164 841 4243 iuquit,
862 4171 993 4240 „testem
1014 4160 1121 4236 laudo,
1148 4175 1196 4222 ne

118 4251 315 4330 integrum
337 4248 486 4332 quidem
507 4267 673 4313 mensem
694 4249 808 4312 inillis
836 4248 964 4313 tribus
991 4246 1123 4329 poetis
1145 4261 1197 4307 re·-

119 4337 275 4404 cenaendis
295 4334 522 4422 inpendimus.“
564 4335 629 4402 Sed
650 4337 784 4422 quamtis
809 4336 875 4401 eius
896 4335 956 4404 tiri
982 4332 1106 4398 boanda
1126 4330 1195 4415 plor
