<?xml version="1.0" encoding="UTF-8"?>
<!DOCTYPE html PUBLIC "-//W3C//DTD XHTML 1.0 Transitional//EN"
    "http://www.w3.org/TR/xhtml1/DTD/xhtml1-transitional.dtd">
<html xmlns="http://www.w3.org/1999/xhtml" xml:lang="en" lang="en">
 <head>
  <title>
</title>
<meta http-equiv="Content-Type" content="text/html;charset=utf-8" />
  <meta name='ocr-system' content='tesseract 3.04.00' />
  <meta name='ocr-capabilities' content='ocr_page ocr_carea ocr_par ocr_line ocrx_word'/>
</head>
<body>
  <div class='ocr_page' id='page_1' title='image "./sexaureliiprope02propgoog_0130.png"; bbox 0 0 2762 4972; ppageno 0'>
   <div class='ocr_carea' id='block_1_1' title="bbox 263 337 1031 443">
    <p class='ocr_par' dir='ltr' id='par_1_1' title="bbox 263 337 1031 443">
     <span class='ocr_line' id='line_1_1' title="bbox 263 337 1031 443; baseline -0.005 -30"><span class='ocrx_word' id='word_1_1' title='bbox 263 337 338 413; x_wconf 70' lang='lat'><strong>112</strong></span> <span class='ocrx_word' id='word_1_2' title='bbox 577 349 770 443; x_wconf 48' lang='lat' dir='ltr'><strong>§mestianum</strong></span> <span class='ocrx_word' id='word_1_3' title='bbox 790 349 873 405; x_wconf 86' lang='lat' dir='ltr'><strong>Liber</strong></span> <span class='ocrx_word' id='word_1_4' title='bbox 891 341 1031 408; x_wconf 74' lang='lat' dir='ltr'><strong>secundos.</strong></span> 
     </span>
    </p>
   </div>
   <div class='ocr_carea' id='block_1_2' title="bbox 169 517 1322 2328">
    <p class='ocr_par' dir='ltr' id='par_1_2' title="bbox 169 517 1322 2328">
     <span class='ocr_line' id='line_1_2' title="bbox 262 517 1321 608; baseline -0.004 -20"><span class='ocrx_word' id='word_1_5' title='bbox 262 531 404 608; x_wconf 66' lang='lat' dir='ltr'><strong>maeret,</strong></span> <span class='ocrx_word' id='word_1_6' title='bbox 436 525 535 589; x_wconf 89' lang='lat' dir='ltr'><strong>altera</strong></span> <span class='ocrx_word' id='word_1_7' title='bbox 561 519 688 587; x_wconf 79' lang='lat' dir='ltr'><strong>tacendo</strong></span> <span class='ocrx_word' id='word_1_8' title='bbox 717 521 892 586; x_wconf 73' lang='lat' dir='ltr'><strong>consentiat</strong></span> <span class='ocrx_word' id='word_1_9' title='bbox 940 517 1028 600; x_wconf 79' lang='lat' dir='ltr'><strong>Quos</strong></span> <span class='ocrx_word' id='word_1_10' title='bbox 1058 519 1089 583; x_wconf 91' lang='lat' dir='ltr'><strong>in</strong></span> <span class='ocrx_word' id='word_1_11' title='bbox 1118 517 1240 604; x_wconf 80' lang='lat' dir='ltr'><strong>reliquis</strong></span> <span class='ocrx_word' id='word_1_12' title='bbox 1265 519 1321 584; x_wconf 90' lang='lat' dir='ltr'><strong>lor·</strong></span> 
     </span>
     <span class='ocr_line' id='line_1_3' title="bbox 261 608 1321 691; baseline -0.005 -16"><span class='ocrx_word' id='word_1_13' title='bbox 261 620 343 675; x_wconf 84' lang='lat' dir='ltr'><strong>tasse</strong></span> <span class='ocrx_word' id='word_1_14' title='bbox 370 613 465 690; x_wconf 88' lang='lat' dir='ltr'><strong>magis</strong></span> <span class='ocrx_word' id='word_1_15' title='bbox 491 610 581 673; x_wconf 87' lang='lat' dir='ltr'><strong>ctiam</strong></span> <span class='ocrx_word' id='word_1_16' title='bbox 608 628 694 691; x_wconf 88' lang='lat' dir='ltr'><strong>qoam</strong></span> <span class='ocrx_word' id='word_1_17' title='bbox 721 609 753 671; x_wconf 91' lang='lat' dir='ltr'><strong>iu</strong></span> <span class='ocrx_word' id='word_1_18' title='bbox 780 609 837 671; x_wconf 89' lang='lat' dir='ltr'><strong>bac</strong></span> <span class='ocrx_word' id='word_1_19' title='bbox 865 613 910 672; x_wconf 92' lang='lat' dir='ltr'><strong>est</strong></span> <span class='ocrx_word' id='word_1_20' title='bbox 934 608 1132 689; x_wconf 90' lang='lat' dir='ltr'><strong>perspicuum.</strong></span> <span class='ocrx_word' id='word_1_21' title='bbox 1175 609 1214 672; x_wconf 91' lang='lat' dir='ltr'><strong>Ut</strong></span> <span class='ocrx_word' id='word_1_22' title='bbox 1237 609 1321 672; x_wconf 79' lang='lat' dir='ltr'><strong>uerbo</strong></span> 
     </span>
     <span class='ocr_line' id='line_1_4' title="bbox 262 694 1322 777; baseline -0.003 -18"><span class='ocrx_word' id='word_1_23' title='bbox 262 697 379 774; x_wconf 83' lang='lat' dir='ltr'><strong>dicum,</strong></span> <span class='ocrx_word' id='word_1_24' title='bbox 405 715 443 763; x_wconf 80' lang='lat' dir='ltr'><strong>en</strong></span> <span class='ocrx_word' id='word_1_25' title='bbox 470 697 608 759; x_wconf 84' lang='lat' dir='ltr'><strong>oratione</strong></span> <span class='ocrx_word' id='word_1_26' title='bbox 636 695 745 758; x_wconf 88' lang='lat' dir='ltr'><strong>tollere</strong></span> <span class='ocrx_word' id='word_1_27' title='bbox 775 703 863 777; x_wconf 91' lang='lat' dir='ltr'><strong>potes</strong></span> <span class='ocrx_word' id='word_1_28' title='bbox 889 703 1040 770; x_wconf 89' lang='lat' dir='ltr'><strong>ornatum,</strong></span> <span class='ocrx_word' id='word_1_29' title='bbox 1071 694 1168 757; x_wconf 86' lang='lat' dir='ltr'><strong>oratio</strong></span> <span class='ocrx_word' id='word_1_30' title='bbox 1196 695 1322 772; x_wconf 88' lang='lat' dir='ltr'><strong>monebit,</strong></span> 
     </span>
     <span class='ocr_line' id='line_1_5' title="bbox 261 780 1322 860; baseline -0.001 -15"><span class='ocrx_word' id='word_1_31' title='bbox 261 793 296 846; x_wconf 92' lang='lat' dir='ltr'><strong>nt</strong></span> <span class='ocrx_word' id='word_1_32' title='bbox 322 785 348 845; x_wconf 91' lang='lat' dir='ltr'><strong>si</strong></span> <span class='ocrx_word' id='word_1_33' title='bbox 378 799 416 846; x_wconf 85' lang='lat' dir='ltr'><strong>ex</strong></span> <span class='ocrx_word' id='word_1_34' title='bbox 444 781 580 845; x_wconf 81' lang='lat' dir='ltr'><strong>aedificio</strong></span> <span class='ocrx_word' id='word_1_35' title='bbox 612 781 769 860; x_wconf 82' lang='lat' dir='ltr'><strong>magnifice</strong></span> <span class='ocrx_word' id='word_1_36' title='bbox 797 781 942 844; x_wconf 87' lang='lat' dir='ltr'><strong>instructo</strong></span> <span class='ocrx_word' id='word_1_37' title='bbox 969 780 1157 858; x_wconf 82' lang='lat' dir='ltr'><strong>fastigiorum</strong></span> <span class='ocrx_word' id='word_1_38' title='bbox 1185 789 1215 843; x_wconf 89' lang='lat' dir='ltr'><strong>et</strong></span> <span class='ocrx_word' id='word_1_39' title='bbox 1239 782 1322 843; x_wconf 89' lang='lat' dir='ltr'><strong>inter-</strong></span> 
     </span>
     <span class='ocr_line' id='line_1_6' title="bbox 262 866 1322 948; baseline -0.002 -16"><span class='ocrx_word' id='word_1_40' title='bbox 262 869 475 932; x_wconf 74' lang='lat' dir='ltr'><strong>columniorum</strong></span> <span class='ocrx_word' id='word_1_41' title='bbox 502 876 615 931; x_wconf 81' lang='lat' dir='ltr'><strong>statuas</strong></span> <span class='ocrx_word' id='word_1_42' title='bbox 641 867 690 932; x_wconf 81' lang='lat' dir='ltr'><strong>vel</strong></span> <span class='ocrx_word' id='word_1_43' title='bbox 714 867 833 930; x_wconf 84' lang='lat' dir='ltr'><strong>tubulas</strong></span> <span class='ocrx_word' id='word_1_44' title='bbox 859 866 1025 948; x_wconf 88' lang='lat' dir='ltr'><strong>parietibus</strong></span> <span class='ocrx_word' id='word_1_45' title='bbox 1049 867 1180 948; x_wconf 88' lang='lat' dir='ltr'><strong>inclusas</strong></span> <span class='ocrx_word' id='word_1_46' title='bbox 1207 867 1322 930; x_wconf 88' lang='lat' dir='ltr'><strong>sustule-</strong></span> 
     </span>
     <span class='ocr_line' id='line_1_7' title="bbox 175 952 1322 1036; baseline -0.005 -14"><span class='ocrx_word' id='word_1_47' title='bbox 175 1013 178 1022; x_wconf 94' lang='grc'><strong>,</strong></span> <span class='ocrx_word' id='word_1_48' title='bbox 260 957 320 1030; x_wconf 88' lang='lat' dir='ltr'><strong>ris,</strong></span> <span class='ocrx_word' id='word_1_49' title='bbox 351 972 468 1036; x_wconf 82' lang='lat' dir='ltr'>semper</span> <span class='ocrx_word' id='word_1_50' title='bbox 494 955 625 1018; x_wconf 87' lang='lat' dir='ltr'><strong>manebit</strong></span> <span class='ocrx_word' id='word_1_51' title='bbox 655 953 830 1016; x_wconf 84' lang='lat' dir='ltr'><strong>aedilicium.</strong></span> <span class='ocrx_word' id='word_1_52' title='bbox 881 952 1009 1028; x_wconf 79' lang='lat' dir='ltr'><strong>Contra,</strong></span> <span class='ocrx_word' id='word_1_53' title='bbox 1040 969 1106 1016; x_wconf 91' lang='lat' dir='ltr'><strong>cum</strong></span> <span class='ocrx_word' id='word_1_54' title='bbox 1134 971 1172 1018; x_wconf 82' lang='lat' dir='ltr'><strong>cx</strong></span> <span class='ocrx_word' id='word_1_55' title='bbox 1197 963 1322 1034; x_wconf 85' lang='lat' dir='ltr'><strong>poemate</strong></span> 
     </span>
     <span class='ocr_line' id='line_1_8' title="bbox 237 1037 1320 1121; baseline -0.005 -13"><span class='ocrx_word' id='word_1_56' title='bbox 237 1105 238 1108; x_wconf 74' lang='grc'><strong>,</strong></span> <span class='ocrx_word' id='word_1_57' title='bbox 259 1041 382 1105; x_wconf 82' lang='lat' dir='ltr'><strong>nerbono</strong></span> <span class='ocrx_word' id='word_1_58' title='bbox 403 1042 519 1116; x_wconf 89' lang='lat' dir='ltr'><strong>demes,</strong></span> <span class='ocrx_word' id='word_1_59' title='bbox 546 1057 606 1102; x_wconf 93' lang='lat' dir='ltr'><strong>non</strong></span> <span class='ocrx_word' id='word_1_60' title='bbox 627 1040 716 1102; x_wconf 84' lang='lat' dir='ltr'><strong>aliter</strong></span> <span class='ocrx_word' id='word_1_61' title='bbox 736 1049 798 1115; x_wconf 87' lang='lat' dir='ltr'><strong>est,</strong></span> <span class='ocrx_word' id='word_1_62' title='bbox 825 1054 861 1100; x_wconf 82' lang='lat' dir='ltr'><strong>sc</strong></span> <span class='ocrx_word' id='word_1_63' title='bbox 882 1039 910 1100; x_wconf 92' lang='lat' dir='ltr'><strong>si</strong></span> <span class='ocrx_word' id='word_1_64' title='bbox 935 1039 1014 1118; x_wconf 89' lang='lat' dir='ltr'><strong>signi</strong></span> <span class='ocrx_word' id='word_1_65' title='bbox 1034 1037 1185 1102; x_wconf 83' lang='lat' dir='ltr'><strong>cniusdam</strong></span> <span class='ocrx_word' id='word_1_66' title='bbox 1206 1041 1320 1121; x_wconf 80' lang='lat' dir='ltr'>pretiosi</span> 
     </span>
     <span class='ocr_line' id='line_1_9' title="bbox 183 1125 1317 1212; baseline 0 -24"><span class='ocrx_word' id='word_1_67' title='bbox 183 1196 187 1205; x_wconf 29' lang='lat'>¹</span> <span class='ocrx_word' id='word_1_68' title='bbox 260 1128 421 1189; x_wconf 82' lang='lat' dir='ltr'><strong>membrum</strong></span> <span class='ocrx_word' id='word_1_69' title='bbox 445 1126 587 1207; x_wconf 82' lang='lat' dir='ltr'><strong>frangas:</strong></span> <span class='ocrx_word' id='word_1_70' title='bbox 616 1125 749 1212; x_wconf 84' lang='lat' dir='ltr'><strong>mutilum</strong></span> <span class='ocrx_word' id='word_1_71' title='bbox 778 1125 854 1187; x_wconf 89' lang='lat' dir='ltr'><strong>euim</strong></span> <span class='ocrx_word' id='word_1_72' title='bbox 882 1125 940 1187; x_wconf 89' lang='lat' dir='ltr'><strong>erit</strong></span> <span class='ocrx_word' id='word_1_73' title='bbox 966 1134 1132 1207; x_wconf 81' lang='lat' dir='ltr'><strong>utrumque.</strong></span> <span class='ocrx_word' id='word_1_74' title='bbox 1175 1125 1234 1188; x_wconf 84' lang='lat' dir='ltr'><strong>lam</strong></span> <span class='ocrx_word' id='word_1_75' title='bbox 1254 1143 1317 1189; x_wconf 86' lang='lat' dir='ltr'><strong>uero</strong></span> 
     </span>
     <span class='ocr_line' id='line_1_10' title="bbox 175 1209 1319 1295; baseline -0.002 -20"><span class='ocrx_word' id='word_1_76' title='bbox 175 1213 189 1295; x_wconf 68' lang='lat' dir='ltr'><strong>t</strong></span> <span class='ocrx_word' id='word_1_77' title='bbox 261 1213 360 1275; x_wconf 87' lang='lat' dir='ltr'><strong>omnia</strong></span> <span class='ocrx_word' id='word_1_78' title='bbox 381 1214 512 1275; x_wconf 90' lang='lat' dir='ltr'><strong>membro</strong></span> <span class='ocrx_word' id='word_1_79' title='bbox 533 1213 631 1292; x_wconf 84' lang='lat' dir='ltr'><strong>signo,</strong></span> <span class='ocrx_word' id='word_1_80' title='bbox 652 1229 761 1286; x_wconf 91' lang='lat' dir='ltr'><strong>omnes,</strong></span> <span class='ocrx_word' id='word_1_81' title='bbox 784 1228 858 1293; x_wconf 83' lang='lat' dir='ltr'><strong>quas</strong></span> <span class='ocrx_word' id='word_1_82' title='bbox 878 1209 989 1290; x_wconf 87' lang='lat' dir='ltr'><strong>figuras</strong></span> <span class='ocrx_word' id='word_1_83' title='bbox 1011 1211 1179 1293; x_wconf 88' lang='lat' dir='ltr'><strong>appellant,</strong></span> <span class='ocrx_word' id='word_1_84' title='bbox 1199 1211 1319 1293; x_wconf 83' lang='lat' dir='ltr'><strong>poemati</strong></span> 
     </span>
     <span class='ocr_line' id='line_1_11' title="bbox 169 1297 1319 1377; baseline 0.005 -23"><span class='ocrx_word' id='word_1_85' title='bbox 169 1307 190 1374; x_wconf 49' lang='grc' dir='ltr'><strong>,Α</strong></span> <span class='ocrx_word' id='word_1_86' title='bbox 244 1297 377 1361; x_wconf 72' lang='lat' dir='ltr'><strong>adime:</strong></span> <span class='ocrx_word' id='word_1_87' title='bbox 405 1299 516 1362; x_wconf 89' lang='lat' dir='ltr'><strong>inille</strong></span> <span class='ocrx_word' id='word_1_88' title='bbox 546 1299 662 1360; x_wconf 87' lang='lat' dir='ltr'><strong>omnino</strong></span> <span class='ocrx_word' id='word_1_89' title='bbox 692 1298 782 1373; x_wconf 87' lang='lat' dir='ltr'><strong>nibil,</strong></span> <span class='ocrx_word' id='word_1_90' title='bbox 813 1298 846 1358; x_wconf 96' lang='lat' dir='ltr'><strong>in</strong></span> <span class='ocrx_word' id='word_1_91' title='bbox 875 1297 932 1358; x_wconf 91' lang='lat' dir='ltr'><strong>boc</strong></span> <span class='ocrx_word' id='word_1_92' title='bbox 959 1298 1150 1377; x_wconf 86' lang='lat' dir='ltr'><strong>poematis</strong></span> <span class='ocrx_word' id='word_1_93' title='bbox 1178 1297 1251 1359; x_wconf 91' lang='lat' dir='ltr'><strong>nibil</strong></span> <span class='ocrx_word' id='word_1_94' title='bbox 1276 1315 1319 1360; x_wconf 91' lang='lat' dir='ltr'><strong>sn·</strong></span> 
     </span>
     <span class='ocr_line' id='line_1_12' title="bbox 175 1381 1318 1466; baseline 0 -20"><span class='ocrx_word' id='word_1_95' title='bbox 175 1381 200 1412; x_wconf 81' lang='lat'><strong>&#39;·</strong></span> <span class='ocrx_word' id='word_1_96' title='bbox 259 1385 391 1466; x_wconf 85' lang='lat' dir='ltr'><strong>pererit,</strong></span> <span class='ocrx_word' id='word_1_97' title='bbox 409 1385 462 1448; x_wconf 89' lang='lat' dir='ltr'><strong>scd</strong></span> <span class='ocrx_word' id='word_1_98' title='bbox 482 1383 595 1465; x_wconf 80' lang='lat' dir='ltr'><strong>frigida</strong></span> <span class='ocrx_word' id='word_1_99' title='bbox 614 1391 644 1447; x_wconf 90' lang='lat' dir='ltr'><strong>et</strong></span> <span class='ocrx_word' id='word_1_100' title='bbox 662 1399 751 1446; x_wconf 87' lang='lat' dir='ltr'><strong>carue</strong></span> <span class='ocrx_word' id='word_1_101' title='bbox 774 1383 891 1446; x_wconf 84' lang='lat' dir='ltr'><strong>detecto</strong></span> <span class='ocrx_word' id='word_1_102' title='bbox 912 1383 1123 1447; x_wconf 91' lang='lat' dir='ltr'><strong>sententiarum</strong></span> <span class='ocrx_word' id='word_1_103' title='bbox 1143 1385 1226 1466; x_wconf 85' lang='lat' dir='ltr'><strong>qnasi</strong></span> <span class='ocrx_word' id='word_1_104' title='bbox 1248 1400 1318 1446; x_wconf 88' lang='lat' dir='ltr'><strong>ossa.</strong></span> 
     </span>
     <span class='ocr_line' id='line_1_13' title="bbox 260 1466 1319 1552; baseline -0.002 -18"><span class='ocrx_word' id='word_1_105' title='bbox 260 1471 315 1534; x_wconf 88' lang='lat' dir='ltr'><strong>llis</strong></span> <span class='ocrx_word' id='word_1_106' title='bbox 344 1472 421 1533; x_wconf 90' lang='lat' dir='ltr'><strong>enim</strong></span> <span class='ocrx_word' id='word_1_107' title='bbox 449 1489 486 1534; x_wconf 88' lang='lat' dir='ltr'><strong>ea</strong></span> <span class='ocrx_word' id='word_1_108' title='bbox 513 1471 650 1534; x_wconf 80' lang='lat' dir='ltr'><strong>carminis</strong></span> <span class='ocrx_word' id='word_1_109' title='bbox 676 1471 789 1532; x_wconf 86' lang='lat' dir='ltr'><strong>semina</strong></span> <span class='ocrx_word' id='word_1_110' title='bbox 809 1471 1045 1549; x_wconf 78' lang='lat' dir='ltr'><strong>comparaveris,</strong></span> <span class='ocrx_word' id='word_1_111' title='bbox 1071 1487 1149 1552; x_wconf 81' lang='lat' dir='ltr'><strong>qnae</strong></span> <span class='ocrx_word' id='word_1_112' title='bbox 1172 1466 1319 1548; x_wconf 74' lang='lat' dir='ltr'><strong>eulogius</strong></span> 
     </span>
     <span class='ocr_line' id='line_1_14' title="bbox 262 1553 1319 1644; baseline 0 -27"><span class='ocrx_word' id='word_1_113' title='bbox 262 1553 437 1640; x_wconf 83' lang='lat' dir='ltr'><strong>deprompta</strong></span> <span class='ocrx_word' id='word_1_114' title='bbox 469 1557 507 1620; x_wconf 90' lang='lat' dir='ltr'><strong>ab</strong></span> <span class='ocrx_word' id='word_1_115' title='bbox 535 1566 656 1620; x_wconf 88' lang='lat' dir='ltr'><strong>oratore</strong></span> <span class='ocrx_word' id='word_1_116' title='bbox 684 1555 810 1619; x_wconf 89' lang='lat' dir='ltr'><strong>mutuari</strong></span> <span class='ocrx_word' id='word_1_117' title='bbox 830 1565 971 1644; x_wconf 24' lang='lat' dir='ltr'><strong>&#39;coactum</strong></span> <span class='ocrx_word' id='word_1_118' title='bbox 1000 1573 1065 1618; x_wconf 88' lang='lat' dir='ltr'><strong>esse</strong></span> <span class='ocrx_word' id='word_1_119' title='bbox 1093 1565 1211 1638; x_wconf 87' lang='lat' dir='ltr'><strong>poetam</strong></span> <span class='ocrx_word' id='word_1_120' title='bbox 1237 1573 1319 1637; x_wconf 85' lang='lat' dir='ltr'><strong>snpra</strong></span> 
     </span>
     <span class='ocr_line' id='line_1_15' title="bbox 260 1641 1319 1724; baseline 0 -20"><span class='ocrx_word' id='word_1_121' title='bbox 260 1644 442 1724; x_wconf 76' lang='lat' dir='ltr'><strong>scripsimus.</strong></span> <span class='ocrx_word' id='word_1_122' title='bbox 490 1643 588 1724; x_wconf 88' lang='lat' dir='ltr'><strong>Atque</strong></span> <span class='ocrx_word' id='word_1_123' title='bbox 620 1644 696 1704; x_wconf 87' lang='lat' dir='ltr'><strong>baec</strong></span> <span class='ocrx_word' id='word_1_124' title='bbox 726 1641 843 1723; x_wconf 88' lang='lat' dir='ltr'><strong>quidem</strong></span> <span class='ocrx_word' id='word_1_125' title='bbox 874 1657 965 1703; x_wconf 88' lang='lat' dir='ltr'><strong>cansa</strong></span> <span class='ocrx_word' id='word_1_126' title='bbox 997 1642 1070 1717; x_wconf 83' lang='lat' dir='ltr'><strong>inuit,</strong></span> <span class='ocrx_word' id='word_1_127' title='bbox 1103 1659 1157 1704; x_wconf 91' lang='lat' dir='ltr'><strong>cnr</strong></span> <span class='ocrx_word' id='word_1_128' title='bbox 1189 1642 1319 1705; x_wconf 86' lang='lat' dir='ltr'><strong>nonnullo</strong></span> 
     </span>
     <span class='ocr_line' id='line_1_16' title="bbox 259 1727 1318 1810; baseline -0.001 -20"><span class='ocrx_word' id='word_1_129' title='bbox 259 1729 345 1791; x_wconf 91' lang='lat' dir='ltr'><strong>bnins</strong></span> <span class='ocrx_word' id='word_1_130' title='bbox 367 1729 487 1810; x_wconf 83' lang='lat' dir='ltr'><strong>generis</strong></span> <span class='ocrx_word' id='word_1_131' title='bbox 507 1730 566 1792; x_wconf 87' lang='lat' dir='ltr'><strong>iam</strong></span> <span class='ocrx_word' id='word_1_132' title='bbox 585 1730 616 1790; x_wconf 91' lang='lat' dir='ltr'><strong>in</strong></span> <span class='ocrx_word' id='word_1_133' title='bbox 633 1728 803 1791; x_wconf 82' lang='lat' dir='ltr'><strong>inventione</strong></span> <span class='ocrx_word' id='word_1_134' title='bbox 818 1728 1051 1791; x_wconf 76' lang='lat' dir='ltr'><strong>tractaverimus.</strong></span> <span class='ocrx_word' id='word_1_135' title='bbox 1093 1727 1213 1809; x_wconf 81' lang='lat' dir='ltr'><strong>Duplex</strong></span> <span class='ocrx_word' id='word_1_136' title='bbox 1232 1737 1318 1790; x_wconf 87' lang='lat' dir='ltr'><strong>antem</strong></span> 
     </span>
     <span class='ocr_line' id='line_1_17' title="bbox 258 1814 1318 1897; baseline -0.002 -20"><span class='ocrx_word' id='word_1_137' title='bbox 258 1815 363 1877; x_wconf 87' lang='lat' dir='ltr'><strong>barum</strong></span> <span class='ocrx_word' id='word_1_138' title='bbox 382 1815 543 1896; x_wconf 86' lang='lat' dir='ltr'><strong>figurarum</strong></span> <span class='ocrx_word' id='word_1_139' title='bbox 565 1815 681 1897; x_wconf 90' lang='lat' dir='ltr'><strong>species</strong></span> <span class='ocrx_word' id='word_1_140' title='bbox 701 1832 765 1876; x_wconf 90' lang='lat' dir='ltr'><strong>cum</strong></span> <span class='ocrx_word' id='word_1_141' title='bbox 786 1816 840 1891; x_wconf 92' lang='lat' dir='ltr'><strong>sit,</strong></span> <span class='ocrx_word' id='word_1_142' title='bbox 868 1831 944 1894; x_wconf 83' lang='lat' dir='ltr'><strong>quac</strong></span> <span class='ocrx_word' id='word_1_143' title='bbox 966 1814 1237 1878; x_wconf 87' lang='lat' dir='ltr'><strong>collocatione</strong></span> <span class='ocrx_word' id='word_1_144' title='bbox 1260 1832 1318 1876; x_wconf 84' lang='lat' dir='ltr'><strong>ocr-</strong></span> 
     </span>
     <span class='ocr_line' id='line_1_18' title="bbox 257 1901 1316 1982; baseline -0.001 -20"><span class='ocrx_word' id='word_1_145' title='bbox 257 1901 365 1963; x_wconf 91' lang='lat' dir='ltr'><strong>bornm</strong></span> <span class='ocrx_word' id='word_1_146' title='bbox 384 1901 607 1982; x_wconf 87' lang='lat' dir='ltr'><strong>rationibusque</strong></span> <span class='ocrx_word' id='word_1_147' title='bbox 626 1902 843 1981; x_wconf 81' lang='lat' dir='ltr'><strong>grammaticis,</strong></span> <span class='ocrx_word' id='word_1_148' title='bbox 864 1908 895 1963; x_wconf 86' lang='lat' dir='ltr'><strong>et</strong></span> <span class='ocrx_word' id='word_1_149' title='bbox 918 1917 995 1980; x_wconf 86' lang='lat' dir='ltr'><strong>qnae</strong></span> <span class='ocrx_word' id='word_1_150' title='bbox 1017 1901 1316 1980; x_wconf 82' lang='lat' dir='ltr'><strong>significatione</strong></span> 
     </span>
     <span class='ocr_line' id='line_1_19' title="bbox 258 1986 1317 2069; baseline -0.001 -20"><span class='ocrx_word' id='word_1_151' title='bbox 258 1995 400 2067; x_wconf 87' lang='lat' dir='ltr'><strong>apparet:</strong></span> <span class='ocrx_word' id='word_1_152' title='bbox 429 1986 563 2051; x_wconf 84' lang='lat' dir='ltr'><strong>diuidere</strong></span> <span class='ocrx_word' id='word_1_153' title='bbox 588 1996 687 2050; x_wconf 88' lang='lat' dir='ltr'><strong>tamen</strong></span> <span class='ocrx_word' id='word_1_154' title='bbox 706 1988 781 2051; x_wconf 87' lang='lat' dir='ltr'><strong>baec</strong></span> <span class='ocrx_word' id='word_1_155' title='bbox 808 1995 837 2050; x_wconf 94' lang='lat' dir='ltr'><strong>et</strong></span> <span class='ocrx_word' id='word_1_156' title='bbox 858 1988 982 2050; x_wconf 90' lang='lat' dir='ltr'><strong>seorsim</strong></span> <span class='ocrx_word' id='word_1_157' title='bbox 1009 1995 1165 2069; x_wconf 81' lang='lat' dir='ltr'><strong>utramque</strong></span> <span class='ocrx_word' id='word_1_158' title='bbox 1186 1997 1317 2061; x_wconf 88' lang='lat' dir='ltr'><strong>tractare,</strong></span> 
     </span>
     <span class='ocr_line' id='line_1_20' title="bbox 257 2072 1318 2155; baseline -0.001 -20"><span class='ocrx_word' id='word_1_159' title='bbox 257 2091 443 2155; x_wconf 86' lang='lat' dir='ltr'><strong>nequaqnam</strong></span> <span class='ocrx_word' id='word_1_160' title='bbox 466 2072 605 2136; x_wconf 83' lang='lat' dir='ltr'><strong>idoneum</strong></span> <span class='ocrx_word' id='word_1_161' title='bbox 625 2073 756 2150; x_wconf 78' lang='lat' dir='ltr'><strong>violetur,</strong></span> <span class='ocrx_word' id='word_1_162' title='bbox 786 2074 924 2154; x_wconf 82' lang='lat' dir='ltr'><strong>qnoniam</strong></span> <span class='ocrx_word' id='word_1_163' title='bbox 950 2073 1123 2154; x_wconf 87' lang='lat' dir='ltr'><strong>saepissime</strong></span> <span class='ocrx_word' id='word_1_164' title='bbox 1152 2073 1318 2153; x_wconf 82' lang='lat' dir='ltr'><strong>significatio</strong></span> 
     </span>
     <span class='ocr_line' id='line_1_21' title="bbox 256 2158 1315 2242; baseline 0 -22"><span class='ocrx_word' id='word_1_165' title='bbox 256 2160 343 2221; x_wconf 86' lang='lat' dir='ltr'><strong>ncrbi</strong></span> <span class='ocrx_word' id='word_1_166' title='bbox 365 2179 384 2222; x_wconf 89' lang='lat' dir='ltr'><strong>a</strong></span> <span class='ocrx_word' id='word_1_167' title='bbox 405 2160 587 2241; x_wconf 83' lang='lat' dir='ltr'><strong>proprietate</strong></span> <span class='ocrx_word' id='word_1_168' title='bbox 610 2158 724 2221; x_wconf 84' lang='lat' dir='ltr'><strong>deflexo</strong></span> <span class='ocrx_word' id='word_1_169' title='bbox 742 2177 846 2221; x_wconf 86' lang='lat' dir='ltr'><strong>norum</strong></span> <span class='ocrx_word' id='word_1_170' title='bbox 867 2161 948 2241; x_wconf 82' lang='lat' dir='ltr'><strong>perit</strong></span> <span class='ocrx_word' id='word_1_171' title='bbox 968 2162 1197 2224; x_wconf 81' lang='lat' dir='ltr'><strong>constructionis</strong></span> <span class='ocrx_word' id='word_1_172' title='bbox 1220 2177 1315 2242; x_wconf 89' lang='lat' dir='ltr'><strong>genus.</strong></span> 
     </span>
     <span class='ocr_line' id='line_1_22' title="bbox 256 2240 1318 2328; baseline 0 -22"><span class='ocrx_word' id='word_1_173' title='bbox 256 2240 360 2325; x_wconf 86' lang='lat' dir='ltr'><strong>ltaque</strong></span> <span class='ocrx_word' id='word_1_174' title='bbox 381 2245 437 2308; x_wconf 92' lang='lat' dir='ltr'><strong>lnao</strong></span> <span class='ocrx_word' id='word_1_175' title='bbox 457 2263 575 2328; x_wconf 85' lang='lat' dir='ltr'><strong>quoqne</strong></span> <span class='ocrx_word' id='word_1_176' title='bbox 594 2245 830 2327; x_wconf 85' lang='lat' dir='ltr'><strong>disquisitionnm</strong></span> <span class='ocrx_word' id='word_1_177' title='bbox 849 2255 945 2327; x_wconf 86' lang='lat' dir='ltr'><strong>parte,</strong></span> <span class='ocrx_word' id='word_1_178' title='bbox 964 2263 1050 2327; x_wconf 88' lang='lat' dir='ltr'><strong>quam</strong></span> <span class='ocrx_word' id='word_1_179' title='bbox 1071 2248 1185 2328; x_wconf 85' lang='lat' dir='ltr'><strong>siquis</strong></span> <span class='ocrx_word' id='word_1_180' title='bbox 1206 2263 1318 2326; x_wconf 88' lang='lat' dir='ltr'><strong>gran·</strong></span> 
     </span>
    </p>
   </div>
   <div class='ocr_carea' id='block_1_3' title="bbox 160 2331 1316 2415">
    <p class='ocr_par' dir='ltr' id='par_1_3' title="bbox 160 2331 1316 2415">
     <span class='ocr_line' id='line_1_23' title="bbox 160 2331 1316 2415; baseline 0.002 -25"><span class='ocrx_word' id='word_1_181' title='bbox 160 2385 164 2390; x_wconf 90' lang='lat'>.</span> <span class='ocrx_word' id='word_1_182' title='bbox 256 2332 430 2393; x_wconf 81' lang='lat' dir='ltr'><strong>creticum</strong></span> <span class='ocrx_word' id='word_1_183' title='bbox 459 2333 749 2414; x_wconf 86' lang='lat' dir='ltr'><strong>Properticnam</strong></span> <span class='ocrx_word' id='word_1_184' title='bbox 779 2331 879 2393; x_wconf 88' lang='lat' dir='ltr'><strong>dicere</strong></span> <span class='ocrx_word' id='word_1_185' title='bbox 906 2331 993 2408; x_wconf 84' lang='lat' dir='ltr'><strong>uelit,</strong></span> <span class='ocrx_word' id='word_1_186' title='bbox 1023 2349 1083 2393; x_wconf 92' lang='lat' dir='ltr'><strong>non</strong></span> <span class='ocrx_word' id='word_1_187' title='bbox 1111 2332 1245 2415; x_wconf 85' lang='lat' dir='ltr'><strong>equidem</strong></span> <span class='ocrx_word' id='word_1_188' title='bbox 1268 2333 1316 2392; x_wconf 89' lang='lat' dir='ltr'><strong>im·</strong></span> 
     </span>
    </p>
   </div>
   <div class='ocr_carea' id='block_1_4' title="bbox 251 2416 1318 2846">
    <p class='ocr_par' dir='ltr' id='par_1_4' title="bbox 251 2416 1318 2846">
     <span class='ocr_line' id='line_1_24' title="bbox 256 2416 1318 2500; baseline -0.001 -22"><span class='ocrx_word' id='word_1_189' title='bbox 256 2416 386 2498; x_wconf 85' lang='lat' dir='ltr'><strong>pediam,</strong></span> <span class='ocrx_word' id='word_1_190' title='bbox 406 2417 528 2499; x_wconf 82' lang='lat' dir='ltr'><strong>publica</strong></span> <span class='ocrx_word' id='word_1_191' title='bbox 549 2419 617 2493; x_wconf 86' lang='lat' dir='ltr'><strong>illa,</strong></span> <span class='ocrx_word' id='word_1_192' title='bbox 639 2437 715 2500; x_wconf 88' lang='lat' dir='ltr'><strong>quoe</strong></span> <span class='ocrx_word' id='word_1_193' title='bbox 735 2418 809 2482; x_wconf 87' lang='lat' dir='ltr'><strong>artis</strong></span> <span class='ocrx_word' id='word_1_194' title='bbox 832 2419 976 2480; x_wconf 89' lang='lat' dir='ltr'><strong>communi</strong></span> <span class='ocrx_word' id='word_1_195' title='bbox 997 2419 1126 2480; x_wconf 88' lang='lat' dir='ltr'><strong>omnium</strong></span> <span class='ocrx_word' id='word_1_196' title='bbox 1148 2420 1214 2480; x_wconf 92' lang='lat' dir='ltr'><strong>nsni</strong></span> <span class='ocrx_word' id='word_1_197' title='bbox 1235 2417 1318 2480; x_wconf 89' lang='lat' dir='ltr'><strong>desti-</strong></span> 
     </span>
     <span class='ocr_line' id='line_1_25' title="bbox 255 2503 1316 2586; baseline 0.001 -23"><span class='ocrx_word' id='word_1_198' title='bbox 255 2512 344 2566; x_wconf 87' lang='lat' dir='ltr'><strong>natae</strong></span> <span class='ocrx_word' id='word_1_199' title='bbox 367 2505 560 2585; x_wconf 84' lang='lat' dir='ltr'><strong>scriptoribus</strong></span> <span class='ocrx_word' id='word_1_200' title='bbox 583 2506 755 2582; x_wconf 83' lang='lat' dir='ltr'><strong>conneniat,</strong></span> <span class='ocrx_word' id='word_1_201' title='bbox 774 2505 825 2567; x_wconf 84' lang='lat' dir='ltr'><strong>uia</strong></span> <span class='ocrx_word' id='word_1_202' title='bbox 843 2504 964 2580; x_wconf 87' lang='lat' dir='ltr'><strong>relicta,</strong></span> <span class='ocrx_word' id='word_1_203' title='bbox 984 2504 1080 2567; x_wconf 92' lang='lat' dir='ltr'><strong>solnm</strong></span> <span class='ocrx_word' id='word_1_204' title='bbox 1100 2513 1210 2586; x_wconf 84' lang='lat' dir='ltr'><strong>poetae</strong></span> <span class='ocrx_word' id='word_1_205' title='bbox 1230 2503 1316 2569; x_wconf 91' lang='lat' dir='ltr'><strong>nostri</strong></span> 
     </span>
     <span class='ocr_line' id='line_1_26' title="bbox 253 2589 1317 2669; baseline 0 -19"><span class='ocrx_word' id='word_1_206' title='bbox 253 2589 405 2669; x_wconf 80' lang='lat' dir='ltr'><strong>ingenium</strong></span> <span class='ocrx_word' id='word_1_207' title='bbox 427 2592 536 2653; x_wconf 89' lang='lat' dir='ltr'><strong>intueri</strong></span> <span class='ocrx_word' id='word_1_208' title='bbox 557 2592 651 2653; x_wconf 86' lang='lat' dir='ltr'><strong>risum</strong></span> <span class='ocrx_word' id='word_1_209' title='bbox 673 2601 733 2665; x_wconf 90' lang='lat' dir='ltr'><strong>est,</strong></span> <span class='ocrx_word' id='word_1_210' title='bbox 754 2599 786 2654; x_wconf 90' lang='lat' dir='ltr'><strong>nt</strong></span> <span class='ocrx_word' id='word_1_211' title='bbox 807 2591 846 2652; x_wconf 84' lang='lat' dir='ltr'><strong>ool</strong></span> <span class='ocrx_word' id='word_1_212' title='bbox 864 2592 963 2653; x_wconf 82' lang='lat' dir='ltr'><strong>varias</strong></span> <span class='ocrx_word' id='word_1_213' title='bbox 987 2592 1051 2652; x_wconf 90' lang='lat' dir='ltr'><strong>eins</strong></span> <span class='ocrx_word' id='word_1_214' title='bbox 1071 2591 1230 2654; x_wconf 80' lang='lat' dir='ltr'><strong>facultates</strong></span> <span class='ocrx_word' id='word_1_215' title='bbox 1251 2601 1317 2653; x_wconf 85' lang='lat' dir='ltr'><strong>tam·</strong></span> 
     </span>
     <span class='ocr_line' id='line_1_27' title="bbox 255 2675 1317 2760; baseline 0.001 -23"><span class='ocrx_word' id='word_1_216' title='bbox 255 2693 342 2755; x_wconf 88' lang='lat' dir='ltr'><strong>qnam</strong></span> <span class='ocrx_word' id='word_1_217' title='bbox 368 2675 407 2738; x_wconf 82' lang='lat' dir='ltr'><strong>acl</strong></span> <span class='ocrx_word' id='word_1_218' title='bbox 430 2689 528 2740; x_wconf 88' lang='lat' dir='ltr'><strong>certos</strong></span> <span class='ocrx_word' id='word_1_219' title='bbox 553 2676 696 2759; x_wconf 81' lang='lat' dir='ltr'><strong>quosdam</strong></span> <span class='ocrx_word' id='word_1_220' title='bbox 723 2677 807 2739; x_wconf 92' lang='lat' dir='ltr'><strong>locos</strong></span> <span class='ocrx_word' id='word_1_221' title='bbox 836 2694 949 2738; x_wconf 89' lang='lat' dir='ltr'><strong>omnem</strong></span> <span class='ocrx_word' id='word_1_222' title='bbox 971 2677 1058 2740; x_wconf 90' lang='lat' dir='ltr'><strong>buius</strong></span> <span class='ocrx_word' id='word_1_223' title='bbox 1083 2679 1228 2741; x_wconf 84' lang='lat' dir='ltr'><strong>materiae</strong></span> <span class='ocrx_word' id='word_1_224' title='bbox 1253 2693 1317 2760; x_wconf 88' lang='lat' dir='ltr'><strong>par·</strong></span> 
     </span>
     <span class='ocr_line' id='line_1_28' title="bbox 251 2762 956 2846; baseline 0.003 -22"><span class='ocrx_word' id='word_1_225' title='bbox 251 2762 386 2826; x_wconf 88' lang='lat' dir='ltr'><strong>titionem</strong></span> <span class='ocrx_word' id='word_1_226' title='bbox 405 2763 523 2828; x_wconf 88' lang='lat' dir='ltr'><strong>relerre</strong></span> <span class='ocrx_word' id='word_1_227' title='bbox 544 2774 634 2846; x_wconf 87' lang='lat' dir='ltr'><strong>atque</strong></span> <span class='ocrx_word' id='word_1_228' title='bbox 653 2772 820 2844; x_wconf 88' lang='lat' dir='ltr'><strong>temperare</strong></span> <span class='ocrx_word' id='word_1_229' title='bbox 839 2764 956 2826; x_wconf 85' lang='lat' dir='ltr'><strong>liceret.</strong></span> 
     </span>
    </p>
   </div>
   <div class='ocr_carea' id='block_1_5' title="bbox 644 2907 986 2981">
    <p class='ocr_par' dir='ltr' id='par_1_5' title="bbox 644 2907 986 2981">
     <span class='ocr_line' id='line_1_29' title="bbox 644 2907 986 2981; baseline 0.003 -16"><span class='ocrx_word' id='word_1_230' title='bbox 644 2910 673 2981; x_wconf 52' lang='grc' dir='ltr'><strong>ᾗ.</strong></span> <span class='ocrx_word' id='word_1_231' title='bbox 691 2920 716 2967; x_wconf 93' lang='grc'><strong>1.</strong></span> <span class='ocrx_word' id='word_1_232' title='bbox 750 2911 938 2978; x_wconf 76' lang='lat' dir='ltr'><strong>iuterrogatio.</strong></span> <span class='ocrx_word' id='word_1_233' title='bbox 978 2907 986 2914; x_wconf 80' lang='lat'>&#39;</span> 
     </span>
    </p>
   </div>
   <div class='ocr_carea' id='block_1_6' title="bbox 171 3013 1366 4408">
    <p class='ocr_par' dir='ltr' id='par_1_6' title="bbox 171 3013 1366 4408">
     <span class='ocr_line' id='line_1_30' title="bbox 352 3013 1316 3101; baseline 0.002 -23"><span class='ocrx_word' id='word_1_234' title='bbox 352 3013 579 3080; x_wconf 82' lang='lat' dir='ltr'><strong>Allectcnm</strong></span> <span class='ocrx_word' id='word_1_235' title='bbox 609 3017 702 3097; x_wconf 87' lang='lat' dir='ltr'><strong>igitur</strong></span> <span class='ocrx_word' id='word_1_236' title='bbox 730 3018 1023 3094; x_wconf 84' lang='lat' dir='ltr'><strong>nebementicm,</strong></span> <span class='ocrx_word' id='word_1_237' title='bbox 1057 3032 1136 3101; x_wconf 84' lang='lat' dir='ltr'><strong>qnae</strong></span> <span class='ocrx_word' id='word_1_238' title='bbox 1163 3020 1316 3084; x_wconf 87' lang='lat' dir='ltr'><strong>innostro</strong></span> 
     </span>
     <span class='ocr_line' id='line_1_31' title="bbox 252 3101 1315 3187; baseline 0.006 -26"><span class='ocrx_word' id='word_1_239' title='bbox 252 3111 452 3178; x_wconf 78' lang='lat' dir='ltr'><strong>causaest,</strong></span> <span class='ocrx_word' id='word_1_240' title='bbox 483 3101 579 3165; x_wconf 86' lang='lat' dir='ltr'><strong>diuisa</strong></span> <span class='ocrx_word' id='word_1_241' title='bbox 608 3103 824 3185; x_wconf 85' lang='lat' dir='ltr'><strong>qnnolammodo</strong></span> <span class='ocrx_word' id='word_1_242' title='bbox 853 3105 1003 3185; x_wconf 86' lang='lat' dir='ltr'><strong>loquentis</strong></span> <span class='ocrx_word' id='word_1_243' title='bbox 1032 3124 1166 3187; x_wconf 87' lang='lat' dir='ltr'><strong>persona</strong></span> <span class='ocrx_word' id='word_1_244' title='bbox 1195 3118 1225 3172; x_wconf 95' lang='lat' dir='ltr'><strong>et</strong></span> <span class='ocrx_word' id='word_1_245' title='bbox 1254 3107 1315 3170; x_wconf 90' lang='lat' dir='ltr'><strong>licto</strong></span> 
     </span>
     <span class='ocr_line' id='line_1_32' title="bbox 251 3185 1315 3274; baseline 0.006 -27"><span class='ocrx_word' id='word_1_246' title='bbox 251 3185 386 3249; x_wconf 77' lang='lat' dir='ltr'><strong>discubio</strong></span> <span class='ocrx_word' id='word_1_247' title='bbox 415 3207 562 3270; x_wconf 88' lang='lat' dir='ltr'><strong>apparere</strong></span> <span class='ocrx_word' id='word_1_248' title='bbox 589 3189 646 3252; x_wconf 91' lang='lat' dir='ltr'><strong>iam</strong></span> <span class='ocrx_word' id='word_1_249' title='bbox 676 3191 837 3271; x_wconf 86' lang='lat' dir='ltr'><strong>attigimus.</strong></span> <span class='ocrx_word' id='word_1_250' title='bbox 881 3192 956 3254; x_wconf 90' lang='lat' dir='ltr'><strong>ilinc</strong></span> <span class='ocrx_word' id='word_1_251' title='bbox 981 3192 1105 3272; x_wconf 89' lang='lat' dir='ltr'><strong>primum</strong></span> <span class='ocrx_word' id='word_1_252' title='bbox 1133 3193 1205 3270; x_wconf 87' lang='lat' dir='ltr'><strong>illa,</strong></span> <span class='ocrx_word' id='word_1_253' title='bbox 1235 3209 1315 3274; x_wconf 69' lang='lat' dir='ltr'><strong>pann</strong></span> 
     </span>
     <span class='ocr_line' id='line_1_33' title="bbox 250 3271 1315 3360; baseline 0.004 -26"><span class='ocrx_word' id='word_1_254' title='bbox 250 3271 391 3349; x_wconf 80' lang='lat' dir='ltr'><strong>dicimus,</strong></span> <span class='ocrx_word' id='word_1_255' title='bbox 418 3275 682 3354; x_wconf 84' lang='lat' dir='ltr'><strong>interrogatio</strong></span> <span class='ocrx_word' id='word_1_256' title='bbox 707 3277 901 3354; x_wconf 87' lang='lat' dir='ltr'><strong>oratoria,</strong></span> <span class='ocrx_word' id='word_1_257' title='bbox 928 3276 1061 3356; x_wconf 80' lang='lat' dir='ltr'><strong>vulgaris</strong></span> <span class='ocrx_word' id='word_1_258' title='bbox 1084 3280 1203 3360; x_wconf 89' lang='lat' dir='ltr'><strong>quidem</strong></span> <span class='ocrx_word' id='word_1_259' title='bbox 1225 3279 1315 3359; x_wconf 79' lang='lat' dir='ltr'><strong>figora</strong></span> 
     </span>
     <span class='ocr_line' id='line_1_34' title="bbox 249 3361 1315 3446; baseline 0.006 -26"><span class='ocrx_word' id='word_1_260' title='bbox 249 3375 305 3421; x_wconf 88' lang='lat' dir='ltr'><strong>nec</strong></span> <span class='ocrx_word' id='word_1_261' title='bbox 335 3368 432 3422; x_wconf 81' lang='lat' dir='ltr'><strong>tamen</strong></span> <span class='ocrx_word' id='word_1_262' title='bbox 464 3361 597 3422; x_wconf 91' lang='lat' dir='ltr'><strong>omnibus</strong></span> <span class='ocrx_word' id='word_1_263' title='bbox 629 3364 744 3443; x_wconf 90' lang='lat' dir='ltr'><strong>pariter</strong></span> <span class='ocrx_word' id='word_1_264' title='bbox 779 3363 888 3426; x_wconf 85' lang='lat' dir='ltr'><strong>usitata</strong></span> <span class='ocrx_word' id='word_1_265' title='bbox 918 3362 972 3446; x_wconf 88' lang='lat' dir='ltr'><strong>(ci.</strong></span> <span class='ocrx_word' id='word_1_266' title='bbox 994 3364 1112 3427; x_wconf 86' lang='lat' dir='ltr'><strong>Dissen.</strong></span> <span class='ocrx_word' id='word_1_267' title='bbox 1139 3365 1180 3428; x_wconf 86' lang='lat' dir='ltr'><strong>ntl</strong></span> <span class='ocrx_word' id='word_1_268' title='bbox 1209 3364 1315 3429; x_wconf 86' lang='lat' dir='ltr'><strong>Tibull.</strong></span> 
     </span>
     <span class='ocr_line' id='line_1_35' title="bbox 247 3444 1315 3530; baseline 0.005 -25"><span class='ocrx_word' id='word_1_269' title='bbox 247 3444 347 3525; x_wconf 80' lang='lat' dir='ltr'><strong>praei.</strong></span> <span class='ocrx_word' id='word_1_270' title='bbox 369 3465 399 3527; x_wconf 91' lang='lat' dir='ltr'><strong>p.</strong></span> <span class='ocrx_word' id='word_1_271' title='bbox 422 3445 615 3526; x_wconf 66' lang='lat' dir='ltr'><strong>exomni),</strong></span> <span class='ocrx_word' id='word_1_272' title='bbox 643 3468 702 3528; x_wconf 88' lang='lat' dir='ltr'><strong>qna</strong></span> <span class='ocrx_word' id='word_1_273' title='bbox 722 3449 913 3530; x_wconf 85' lang='lat' dir='ltr'><strong>Propertius,</strong></span> <span class='ocrx_word' id='word_1_274' title='bbox 939 3451 966 3514; x_wconf 91' lang='lat' dir='ltr'><strong>si</strong></span> <span class='ocrx_word' id='word_1_275' title='bbox 993 3461 1075 3514; x_wconf 90' lang='lat' dir='ltr'><strong>recte</strong></span> <span class='ocrx_word' id='word_1_276' title='bbox 1097 3454 1315 3524; x_wconf 80' lang='lat' dir='ltr'><strong>numerauimus,</strong></span> 
     </span>
     <span class='ocr_line' id='line_1_36' title="bbox 249 3532 1314 3614; baseline 0.005 -22"><span class='ocrx_word' id='word_1_277' title='bbox 249 3533 398 3595; x_wconf 86' lang='lat' dir='ltr'><strong>centies</strong></span> <span class='ocrx_word' id='word_1_278' title='bbox 419 3532 477 3593; x_wconf 88' lang='lat' dir='ltr'><strong>bis</strong></span> <span class='ocrx_word' id='word_1_279' title='bbox 501 3535 617 3596; x_wconf 89' lang='lat' dir='ltr'><strong>omuino</strong></span> <span class='ocrx_word' id='word_1_280' title='bbox 640 3553 711 3597; x_wconf 91' lang='lat' dir='ltr'><strong>usus</strong></span> <span class='ocrx_word' id='word_1_281' title='bbox 732 3545 791 3612; x_wconf 88' lang='lat' dir='ltr'><strong>cst,</strong></span> <span class='ocrx_word' id='word_1_282' title='bbox 820 3535 846 3597; x_wconf 90' lang='lat' dir='ltr'><strong>si</strong></span> <span class='ocrx_word' id='word_1_283' title='bbox 868 3553 926 3597; x_wconf 93' lang='lat' dir='ltr'><strong>non</strong></span> <span class='ocrx_word' id='word_1_284' title='bbox 951 3545 1031 3601; x_wconf 85' lang='lat' dir='ltr'><strong>totos</strong></span> <span class='ocrx_word' id='word_1_285' title='bbox 1058 3537 1160 3614; x_wconf 88' lang='lat' dir='ltr'><strong>locos,</strong></span> <span class='ocrx_word' id='word_1_286' title='bbox 1184 3539 1238 3602; x_wconf 91' lang='lat' dir='ltr'><strong>sed</strong></span> <span class='ocrx_word' id='word_1_287' title='bbox 1260 3537 1314 3598; x_wconf 91' lang='lat' dir='ltr'><strong>sin·</strong></span> 
     </span>
     <span class='ocr_line' id='line_1_37' title="bbox 171 3615 1315 3700; baseline 0.006 -24"><span class='ocrx_word' id='word_1_288' title='bbox 171 3658 174 3670; x_wconf 58' lang='grc'><strong>,</strong></span> <span class='ocrx_word' id='word_1_289' title='bbox 248 3615 336 3694; x_wconf 83' lang='lat' dir='ltr'><strong>gulas</strong></span> <span class='ocrx_word' id='word_1_290' title='bbox 358 3619 521 3682; x_wconf 87' lang='lat' dir='ltr'><strong>sententias</strong></span> <span class='ocrx_word' id='word_1_291' title='bbox 543 3622 768 3700; x_wconf 79' lang='lat' dir='ltr'><strong>computaveris,</strong></span> <span class='ocrx_word' id='word_1_292' title='bbox 789 3621 855 3683; x_wconf 90' lang='lat' dir='ltr'><strong>solo</strong></span> <span class='ocrx_word' id='word_1_293' title='bbox 878 3621 956 3686; x_wconf 91' lang='lat' dir='ltr'><strong>libro</strong></span> <span class='ocrx_word' id='word_1_294' title='bbox 977 3624 1106 3686; x_wconf 84' lang='lat' dir='ltr'><strong>secundo</strong></span> <span class='ocrx_word' id='word_1_295' title='bbox 1129 3626 1158 3686; x_wconf 94' lang='lat' dir='ltr'><strong>b.</strong></span> <span class='ocrx_word' id='word_1_296' title='bbox 1178 3643 1204 3686; x_wconf 89' lang='lat' dir='ltr'><strong>e.</strong></span> <span class='ocrx_word' id='word_1_297' title='bbox 1226 3624 1315 3687; x_wconf 84' lang='lat' dir='ltr'><strong>uersi-</strong></span> 
     </span>
     <span class='ocr_line' id='line_1_38' title="bbox 248 3702 1366 3792; baseline 0.005 -30"><span class='ocrx_word' id='word_1_298' title='bbox 248 3702 302 3765; x_wconf 90' lang='lat' dir='ltr'><strong>bus</strong></span> <span class='ocrx_word' id='word_1_299' title='bbox 322 3709 415 3768; x_wconf 82' lang='grc'><strong>1362.</strong></span> <span class='ocrx_word' id='word_1_300' title='bbox 435 3707 612 3784; x_wconf 86' lang='lat' dir='ltr'><strong>sexagies</strong></span> <span class='ocrx_word' id='word_1_301' title='bbox 633 3706 707 3780; x_wconf 92' lang='lat' dir='ltr'><strong>bis,</strong></span> <span class='ocrx_word' id='word_1_302' title='bbox 729 3724 792 3768; x_wconf 90' lang='lat' dir='ltr'><strong>cum</strong></span> <span class='ocrx_word' id='word_1_303' title='bbox 808 3707 945 3770; x_wconf 88' lang='lat' dir='ltr'><strong>Tibullus</strong></span> <span class='ocrx_word' id='word_1_304' title='bbox 964 3708 1079 3772; x_wconf 87' lang='lat' dir='ltr'><strong>luobus</strong></span> <span class='ocrx_word' id='word_1_305' title='bbox 1097 3712 1202 3792; x_wconf 88' lang='lat' dir='ltr'><strong>primis</strong></span> <span class='ocrx_word' id='word_1_306' title='bbox 1222 3710 1313 3780; x_wconf 88' lang='lat' dir='ltr'><strong>libris,</strong></span> <span class='ocrx_word' id='word_1_307' title='bbox 1365 3759 1366 3786; x_wconf 63' lang='lat'><strong>,</strong></span> 
     </span>
     <span class='ocr_line' id='line_1_39' title="bbox 246 3787 1366 3876; baseline 0.005 -28"><span class='ocrx_word' id='word_1_308' title='bbox 246 3787 276 3849; x_wconf 93' lang='lat' dir='ltr'><strong>b.</strong></span> <span class='ocrx_word' id='word_1_309' title='bbox 299 3805 326 3852; x_wconf 87' lang='lat' dir='ltr'><strong>e.</strong></span> <span class='ocrx_word' id='word_1_310' title='bbox 353 3793 489 3853; x_wconf 82' lang='lat' dir='ltr'><strong>uersibus</strong></span> <span class='ocrx_word' id='word_1_311' title='bbox 519 3793 611 3856; x_wconf 75' lang='lat'>1352.</span> <span class='ocrx_word' id='word_1_312' title='bbox 640 3799 752 3856; x_wconf 88' lang='lat' dir='ltr'><strong>tantnm</strong></span> <span class='ocrx_word' id='word_1_313' title='bbox 785 3793 908 3863; x_wconf 82' lang='lat' dir='ltr'><strong>uicies</strong></span> <span class='ocrx_word' id='word_1_314' title='bbox 939 3805 1078 3876; x_wconf 80' lang='lat' dir='ltr'><strong>quater</strong></span> <span class='ocrx_word' id='word_1_315' title='bbox 1109 3815 1174 3858; x_wconf 85' lang='lat' dir='ltr'><strong>carn</strong></span> <span class='ocrx_word' id='word_1_316' title='bbox 1200 3797 1313 3858; x_wconf 86' lang='lat' dir='ltr'><strong>babeat.</strong></span> <span class='ocrx_word' id='word_1_317' title='bbox 1365 3787 1366 3806; x_wconf 54' lang='lat'><em>*</em></span> 
     </span>
     <span class='ocr_line' id='line_1_40' title="bbox 247 3873 1314 3958; baseline 0.005 -22"><span class='ocrx_word' id='word_1_318' title='bbox 247 3873 322 3936; x_wconf 88' lang='lat' dir='ltr'><strong>llinc</strong></span> <span class='ocrx_word' id='word_1_319' title='bbox 340 3874 386 3937; x_wconf 85' lang='lat' dir='ltr'><strong>El.</strong></span> <span class='ocrx_word' id='word_1_320' title='bbox 403 3879 441 3954; x_wconf 93' lang='lat' dir='ltr'><strong>ll,</strong></span> <span class='ocrx_word' id='word_1_321' title='bbox 463 3879 514 3951; x_wconf 73' lang='grc'><strong>14,</strong></span> <span class='ocrx_word' id='word_1_322' title='bbox 532 3881 583 3941; x_wconf 81' lang='grc'><strong>30.</strong></span> <span class='ocrx_word' id='word_1_323' title='bbox 605 3887 686 3940; x_wconf 87' lang='lat' dir='ltr'><strong>recte</strong></span> <span class='ocrx_word' id='word_1_324' title='bbox 706 3897 725 3940; x_wconf 84' lang='lat' dir='ltr'><strong>c</strong></span> <span class='ocrx_word' id='word_1_325' title='bbox 745 3879 935 3943; x_wconf 84' lang='lat' dir='ltr'><strong>Lachmanno</strong></span> <span class='ocrx_word' id='word_1_326' title='bbox 957 3883 1109 3957; x_wconf 80' lang='lat' dir='ltr'><strong>restitute;</strong></span> <span class='ocrx_word' id='word_1_327' title='bbox 1126 3881 1179 3958; x_wconf 91' lang='lat' dir='ltr'><strong>lll,</strong></span> <span class='ocrx_word' id='word_1_328' title='bbox 1200 3885 1250 3958; x_wconf 82' lang='lat'><strong>15,</strong></span> <span class='ocrx_word' id='word_1_329' title='bbox 1266 3884 1314 3942; x_wconf 82' lang='grc'><strong>21.</strong></span> 
     </span>
     <span class='ocr_line' id='line_1_41' title="bbox 246 3960 1365 4046; baseline 0.005 -25"><span class='ocrx_word' id='word_1_330' title='bbox 246 3960 412 4040; x_wconf 84' lang='lat' dir='ltr'><strong>alacobo;</strong></span> <span class='ocrx_word' id='word_1_331' title='bbox 440 3962 587 4024; x_wconf 92' lang='lat' dir='ltr'><strong>hocloco</strong></span> <span class='ocrx_word' id='word_1_332' title='bbox 609 3965 701 4028; x_wconf 87' lang='lat' dir='ltr'><strong>etiam</strong></span> <span class='ocrx_word' id='word_1_333' title='bbox 720 3983 777 4046; x_wconf 90' lang='lat' dir='ltr'><strong>pro</strong></span> <span class='ocrx_word' id='word_1_334' title='bbox 799 3967 891 4029; x_wconf 84' lang='lat' dir='ltr'><strong>uerbo</strong></span> <span class='ocrx_word' id='word_1_335' title='bbox 919 3969 1071 4031; x_wconf 82' lang='lat' dir='ltr'><strong>servire</strong></span> <span class='ocrx_word' id='word_1_336' title='bbox 1093 4001 1136 4016; x_wconf 77' lang='lat'><strong>--</strong></span> <span class='ocrx_word' id='word_1_337' title='bbox 1156 3982 1313 4031; x_wconf 63' lang='lat' dir='ltr'><strong>sermore</strong></span> <span class='ocrx_word' id='word_1_338' title='bbox 1364 3991 1365 4027; x_wconf 74' lang='lat' dir='ltr'><strong>t</strong></span> 
     </span>
     <span class='ocr_line' id='line_1_42' title="bbox 244 4047 1314 4130; baseline 0.004 -24"><span class='ocrx_word' id='word_1_339' title='bbox 244 4048 389 4126; x_wconf 90' lang='lat' dir='ltr'><strong>reposito.</strong></span> <span class='ocrx_word' id='word_1_340' title='bbox 432 4047 662 4110; x_wconf 86' lang='lat' dir='ltr'><strong>Elioacissimns</strong></span> <span class='ocrx_word' id='word_1_341' title='bbox 685 4060 782 4115; x_wconf 86' lang='lat' dir='ltr'><strong>antem</strong></span> <span class='ocrx_word' id='word_1_342' title='bbox 806 4053 837 4114; x_wconf 92' lang='lat' dir='ltr'><strong>in</strong></span> <span class='ocrx_word' id='word_1_343' title='bbox 859 4054 1019 4116; x_wconf 88' lang='lat' dir='ltr'><strong>carminum</strong></span> <span class='ocrx_word' id='word_1_344' title='bbox 1040 4055 1134 4117; x_wconf 88' lang='lat' dir='ltr'><strong>initiis</strong></span> <span class='ocrx_word' id='word_1_345' title='bbox 1155 4073 1241 4130; x_wconf 89' lang='lat' dir='ltr'><strong>nsns,</strong></span> <span class='ocrx_word' id='word_1_346' title='bbox 1267 4049 1314 4112; x_wconf 92' lang='lat' dir='ltr'><strong>nbi</strong></span> 
     </span>
     <span class='ocr_line' id='line_1_43' title="bbox 243 4134 1364 4221; baseline 0.01 -28"><span class='ocrx_word' id='word_1_347' title='bbox 243 4134 421 4196; x_wconf 86' lang='lat' dir='ltr'><strong>concitatum</strong></span> <span class='ocrx_word' id='word_1_348' title='bbox 448 4134 746 4214; x_wconf 78' lang='lat' dir='ltr'><strong>imprimisenimutu</strong></span> <span class='ocrx_word' id='word_1_349' title='bbox 771 4155 920 4218; x_wconf 88' lang='lat' dir='ltr'><strong>apparere</strong></span> <span class='ocrx_word' id='word_1_350' title='bbox 944 4141 1042 4221; x_wconf 84' lang='lat' dir='ltr'><strong>cupite</strong></span> <span class='ocrx_word' id='word_1_351' title='bbox 1066 4142 1222 4221; x_wconf 90' lang='lat' dir='ltr'><strong>superiore</strong></span> <span class='ocrx_word' id='word_1_352' title='bbox 1243 4136 1315 4201; x_wconf 86' lang='lat' dir='ltr'><strong>nidi·</strong></span> <span class='ocrx_word' id='word_1_353' title='bbox 1363 4199 1364 4204; x_wconf 73' lang='grc'><strong>,</strong></span> 
     </span>
     <span class='ocr_line' id='line_1_44' title="bbox 240 4221 1364 4302; baseline 0.004 -23"><span class='ocrx_word' id='word_1_354' title='bbox 240 4234 315 4282; x_wconf 85' lang='lat' dir='ltr'><strong>nnus.</strong></span> <span class='ocrx_word' id='word_1_355' title='bbox 358 4221 415 4282; x_wconf 90' lang='lat' dir='ltr'><strong>llic</strong></span> <span class='ocrx_word' id='word_1_356' title='bbox 438 4221 526 4282; x_wconf 88' lang='lat' dir='ltr'><strong>ctiam</strong></span> <span class='ocrx_word' id='word_1_357' title='bbox 553 4238 609 4300; x_wconf 92' lang='lat' dir='ltr'><strong>per</strong></span> <span class='ocrx_word' id='word_1_358' title='bbox 635 4240 688 4285; x_wconf 87' lang='lat' dir='ltr'><strong>sex</strong></span> <span class='ocrx_word' id='word_1_359' title='bbox 711 4223 757 4302; x_wconf 90' lang='lat' dir='ltr'><strong>(l,</strong></span> <span class='ocrx_word' id='word_1_360' title='bbox 780 4230 810 4286; x_wconf 83' lang='lat'><strong>2.</strong></span> <span class='ocrx_word' id='word_1_361' title='bbox 832 4225 897 4287; x_wconf 91' lang='lat' dir='ltr'><strong>init.</strong></span> <span class='ocrx_word' id='word_1_362' title='bbox 924 4226 955 4299; x_wconf 96' lang='lat' dir='ltr'><strong>l,</strong></span> <span class='ocrx_word' id='word_1_363' title='bbox 979 4230 1035 4301; x_wconf 87' lang='grc'><strong>16,</strong></span> <span class='ocrx_word' id='word_1_364' title='bbox 1061 4230 1229 4299; x_wconf 78' lang='lat'><strong>19—-22.;</strong></span> <span class='ocrx_word' id='word_1_365' title='bbox 1253 4227 1315 4286; x_wconf 89' lang='lat' dir='ltr'><strong>sont</strong></span> <span class='ocrx_word' id='word_1_366' title='bbox 1363 4221 1364 4248; x_wconf 65' lang='lat'>¹</span> 
     </span>
     <span class='ocr_line' id='line_1_45' title="bbox 240 4303 1363 4408; baseline 0.008 -42"><span class='ocrx_word' id='word_1_367' title='bbox 240 4305 318 4366; x_wconf 83' lang='lat' dir='ltr'><strong>enim</strong></span> <span class='ocrx_word' id='word_1_368' title='bbox 339 4305 371 4367; x_wconf 88' lang='lat' dir='ltr'><strong>lni</strong></span> <span class='ocrx_word' id='word_1_369' title='bbox 397 4324 503 4372; x_wconf 82' lang='lat' dir='ltr'><strong>uersus</strong></span> <span class='ocrx_word' id='word_1_370' title='bbox 530 4306 645 4369; x_wconf 87' lang='lat' dir='ltr'><strong>initium</strong></span> <span class='ocrx_word' id='word_1_371' title='bbox 671 4303 1013 4397; x_wconf 78' lang='grc' dir='ltr'><strong><em>παρακλαυσιθύρου)</em></strong></span> <span class='ocrx_word' id='word_1_372' title='bbox 1044 4323 1134 4395; x_wconf 82' lang='lat' dir='ltr'><strong>atque</strong></span> <span class='ocrx_word' id='word_1_373' title='bbox 1160 4311 1238 4374; x_wconf 85' lang='lat' dir='ltr'><strong>adeo</strong></span> <span class='ocrx_word' id='word_1_374' title='bbox 1264 4324 1316 4392; x_wconf 82' lang='lat' dir='ltr'><strong>per</strong></span> <span class='ocrx_word' id='word_1_375' title='bbox 1362 4387 1363 4408; x_wconf 13' lang='grc' dir='ltr'><strong>Χ</strong></span> 
     </span>
    </p>
   </div>
   <div class='ocr_carea' id='block_1_7' title="bbox 0 0 1386 4972">
    <p class='ocr_par' dir='ltr' id='par_1_7' title="bbox 0 0 1386 4972">
     <span class='ocr_line' id='line_1_46' title="bbox 0 0 1386 4972; baseline 0 4"><span class='ocrx_word' id='word_1_376' title='bbox 0 0 1386 4972; x_wconf 95' lang='lat' dir='ltr'><strong> </strong></span> 
     </span>
    </p>
   </div>
  </div>
 </body>
</html>
