2848 4972
374 356 739 462 lucicomum,
759 373 886 449 acca.
994 382 997 400 ²
1126 385 1170 454 ro

90 557 122 604 oo
183 541 369 633 supposito
390 545 563 634 excipiens
584 547 693 616 Naica
713 547 799 618 douo
819 568 929 621 manu.

139 643 196 715 An
217 649 391 734 quisquam
412 649 446 714 iu
467 655 560 716 tauto
582 655 769 738 stuprorum
790 657 943 722 examine
965 660 1111 745 quaerit:
1189 713 1193 721 e

184 747 254 844 (Jur
274 749 358 818 haec
379 757 446 819 tam
468 749 591 820 dives?
612 757 686 841 quis
709 753 825 823 dedit?
845 759 934 826 uude
955 761 1072 833 dediti

143 849 174 921 0
195 855 328 921 nimium
349 863 462 923 nostro
483 857 614 923 felicem
634 865 781 946 tempore
797 862 946 949 Romam,

187 953 229 1022 Si
250 963 364 1024 contra
385 977 496 1026 mores
518 977 585 1026 uua
606 961 717 1046 puella
733 962 833 1029 iacit!

99 1067 128 1114 ⁴⁵
143 1057 240 1126 llaec
261 1058 379 1148 eadem
400 1066 478 1127 aute
498 1060 588 1127 illam
609 1062 741 1147 impune
762 1068 798 1130 et
816 1064 942 1132 Lesbia
962 1067 1059 1138 lecit:
1086 1099 1088 1104 v
1208 1123 1210 1133 .

188 1161 284 1244 Quae
305 1166 472 1250 sequitur,
495 1170 587 1232 certe
611 1171 665 1231 est
685 1165 853 1233 invidiosa
874 1172 992 1239 minus,

147 1262 213 1350 Qui
236 1269 365 1354 quaerit
385 1269 502 1335 Tatios
524 1273 660 1334 veteres
683 1266 851 1356 durosque
873 1269 1033 1361 Sabinos,

189 1371 255 1438 Hic
275 1373 386 1458 posuit
405 1378 521 1439 nostra
542 1387 646 1457 nuper
666 1372 701 1438 in
721 1373 804 1438 urbe
825 1373 954 1460 pedem.

146 1472 198 1541 'l'u
220 1477 312 1560 prius
335 1481 370 1542 et
391 1476 511 1543 fluctus
533 1477 660 1562 poteris
681 1476 811 1542 siccare
832 1482 989 1567 marinos,

104 1587 133 1634 ω
192 1579 338 1666 Altaque
358 1580 488 1646 mortali
509 1578 659 1668 deligere
680 1586 775 1647 ostra
795 1601 904 1668 manu,

144 1677 257 1765 Quam
277 1682 392 1750 facere
413 1689 449 1748 ut
469 1688 607 1749 nostroe
627 1682 732 1748 nolint
752 1701 893 1769 peccare
913 1687 1054 1774 puellae.

191 1785 258 1852 Hic
278 1805 349 1852 mos
371 1784 517 1854 Saturno
538 1803 645 1874 regua
665 1791 801 1852 tenente
821 1788 894 1872 fuit,

150 1884 291 1956 Etcum
313 1887 530 1955 Deucalionis
555 1906 665 1975 aquae
686 1889 823 1957 fluxere
834 1909 896 1978 per
916 1895 1041 1982 orbem,

193 1987 242 2058 Et
264 1997 341 2076 post
362 1995 518 2080 antiquas
538 1992 752 2060 Deucalionis
772 2012 890 2082 aquas.

107 2107 136 2154 oo
151 2094 219 2161 Dio
239 2095 336 2179 mihi,
356 2099 430 2182 quis
451 2098 557 2184 potuit
577 2097 698 2164 lectum
719 2115 861 2165 servare
880 2100 1045 2191 pudicum,

196 2198 292 2281 Quae
313 2199 378 2266 (lea
399 2219 472 2268 cum
493 2199 564 2267 solo
585 2204 704 2267 vivero
725 2201 800 2268 sola
821 2199 910 2270 deo?

152 2300 299 2371 Uxorem
322 2300 485 2388 quondam
509 2303 622 2389 magni
642 2302 781 2386 Mincio,
802 2309 839 2370 ut
860 2307 964 2393 aiunt,

196 2404 350 2491 Corrupit
370 2407 458 2472 torvi
479 2404 620 2472 candida
641 2405 748 2471 formo
768 2407 876 2476 bovis.

152 2512 227 2580 Nec
248 2512 355 2576 miuus
378 2516 493 2578 aerato
512 2510 634 2577 Danae
654 2509 857 2577 circumdato
878 2531 970 2582 muro
1066 2517 1071 2528 “

111 2628 140 2673 oo
199 2617 274 2682 Nou
295 2615 401 2701 potuit
422 2631 543 2702 magno
565 2617 661 2679 casta
682 2629 809 2700 negare
828 2612 911 2681 lovi.

157 2718 253 2806 Quod
275 2719 306 2784 si
326 2723 364 2784 tu
384 2714 506 2784 Graias
527 2723 630 2802 tuque
652 2731 690 2781 es
713 2715 832 2782 mirata
852 2715 1005 2806 Latinas,

198 2823 442 2910 semperviva
464 2839 537 2890 meo
558 2820 665 2888 libera
684 2817 816 2888 iudicio.

569 2955 733 3104 XXXIII.

159 3145 305 3236 'l'ristia
325 3166 392 3234 iam
413 3161 554 3232 redeunt
572 3164 690 3232 iterum
712 3161 884 3230 sollemnia
904 3163 1017 3232 uobis:

206 3269 352 3357 Cynthia
371 3270 438 3336 iam
459 3274 589 3336 noctes·
599 3273 654 3334 est
673 3273 810 3354 operato
830 3266 956 3336 decem.

158 3375 278 3464 'Atque
298 3377 422 3445 utinam
442 3379 577 3462 pereat,
596 3372 673 3441 Nilo
695 3389 782 3460 quae
802 3389 903 3440 sacra
923 3375 1058 3460 tepente

190 3591 234 3649 41.
251 3595 417 3658 structorum
432 3593 476 3660 6.,
494 3593 632 3660 stuporum
644 3608 668 3648 r.
687 3609 723 3648 ex
739 3591 845 3659 agmine
857 3608 882 3650 r.
933 3594 977 3647 42.
991 3588 1070 3660 haec]
1087 3587 1130 3644 liic
1141 3589 1194 3645 Hb.

121 3677 168 3733 lo.
187 3673 282 3728 tacitos
299 3673 337 3725 N.
355 3690 381 3730 r.
457 3677 500 3730 la.
527 3677 587 3729 Hac
603 3679 641 3733 H.
715 3679 759 3733 lo.
783 3673 1015 3744 poterio1pontio.
1089 3676 1133 3730 61.
1156 3675 1197 3744 ut]

123 3758 217 3814 etilo.
236 3757 333 3813 nollint
347 3774 384 3828 ot,
404 3759 491 3812 uoluit
502 3760 540 3815 N.
591 3765 636 3816 52.
654 3761 682 3814 lo
697 3777 772 3829 ηιμ,
792 3759 846 3812 Hic
862 3761 926 3814 maa.
938 3773 1037 3812 unroco.
1089 3760 1133 3811 53.
1151 3773 1200 3826 par

125 3828 218 3898 furbem
237 3843 302 3914 (alc)
319 3845 357 3898 N.
437 3849 479 3902 57.
497 3845 608 3898 minoris
626 3844 679 3902 Hb.
756 3849 799 3902 58.
820 3844 958 3912 Corripuit
974 3859 1000 3897 o.
1018 3859 1040 3899 o.
1060 3844 1092 3900 P.
1109 3844 1198 3910 Peon,

123 3930 282 3998 'Corrumpit
298 3935 335 3984 H.
387 3932 429 3986 59.
448 3937 554 3984 aerrato
565 3930 630 3999 Hb„
648 3934 737 3984 errato
748 3929 774 3986 νζ
790 3931 859 3982 dane
870 3930 920 3998 N.,
938 3930 1007 3982 diue
1021 3946 1046 3984 r.
1092 3934 1136 3982 ol.
1154 3933 1199 3993 tu-

124 4032 177 4086 que
197 4032 226 4068 eo
247 4019 280 4072 G.
289 4017 327 4070 N.
338 4019 374 4071 lt.
386 4019 466 4075 NH.
479 4019 526 4088 V„
550 4022 581 4070 tu
598 4034 667 4086 quae
686 4033 715 4069 aa
732 4015 802 4086 Hb„
822 4032 870 4070 ceu
887 4014 912 4068 ai
929 4033 957 4069 a.
979 4015 1083 4070 imitata
1100 4029 1197 4066 omues.
1238 4069 1241 4076 .

72 4123 74 4132 ,
123 4100 223 4155 latinos
235 4103 273 4158 N.
968 4111 970 4120 ¹

207 4197 335 4255 xxxin.
381 4197 562 4253 columboni
585 4198 650 4252 loeo
672 4199 792 4251 carratae
816 4198 845 4249 to
870 4196 924 4264 N.‚
951 4209 1047 4248 mcccc
1068 4192 1198 4246 recentior

125 4281 277 4348 capereto.
355 4287 380 4336 ι.
404 4285 536 4353 oollepuia
552 4283 591 4339 N.
668 4290 693 4339 3.
714 4282 771 4336 uilo
794 4287 886 4370 pereat
901 4284 938 4337 R.
958 4295 1004 4350 ea,
1026 4281 1120 4350 pereat
1142 4273 1198 4330 uilo

124 4369 159 4423 l).
168 4374 206 4425 H.
221 4369 266 4440 7.,
284 4375 396 4441 pereant
411 4371 450 4431 N.
468 4375 603 4442 tempeuto
619 4387 662 4441 pr.
679 4366 786 4427 millo.
