2762 4972
222 370 312 442 caput
328 371 362 429 v.
397 373 440 430 Da
458 373 634 446 dispositione
650 375 797 432 mrmlunm
813 375 1058 449 Propertlauornm.
1104 364 1179 446 103

104 563 176 630 quaa
203 563 224 608 a
248 545 444 611 coniecturali
473 563 585 628 genere
613 555 680 612 orta
707 547 738 610 in
766 550 933 614 ιιιιιιίιι
961 549 1087 629 desinit,
1113 553 1173 618 liar

105 633 313 715 dispositione:
334 635 372 696 Α.
391 652 419 697 u.
441 637 568 698 1-11.
589 635 624 697 Β.
647 639 737 698 13-
746 638 796 700 16.
819 636 853 700 6.
875 640 1022 702 17-14
1065 639 1172 704 Extra·

104 738 148 784 ma
167 727 266 782 autern
285 729 372 800 parte
393 737 453 782 nou
475 719 564 782 modo
584 730 617 784 ut
647 719 704 782 sibi
726 731 847 802 parcat,
874 725 1010 786 Amorem
1033 725 1173 790 obsecrat

106 809 175 885 (a.,)
197 805 252 868 sed
275 821 380 868 causas
401 805 484 869 addit
505 805 580 886 (h.,)
603 807 708 886 quibus
732 809 775 882 ei,
802 818 834 872 ut
855 808 902 870 ita
917 811 1025 886 iaciat,
1046 829 1171 892 persua·

105 891 182 966 decu
205 901 235 954 et
257 893 359 972 primis
381 891 498 973 quidem
518 893 654 955 uersibus
674 903 825 972 pertentes
851 895 925 976 ipsis
945 897 1085 998 precibus
1106 899 1171 978 (alr.

105 981 150 1042 16.
172 995 200 1038 ι.
224 981 276 1041 16.
297 979 348 1041 alr.
370 983 422 1043 17.
441 979 470 1041 b.
494 981 576 1056 18.,)
602 977 709 1041 deinde
735 981 829 1042 solam
851 997 969 1043 causam
992 975 1047 1061 (b'.
1068 1001 1096 1046 r
1118 987 1170 1048 11.

102 1062 137 1125 ad
152 1063 226 1143 iin.,)
249 1073 319 1146 post
340 1082 436 1145 quant,
456 1074 489 1128 ut
510 1074 592 1128 recta
604 1075 722 1126 carmen
739 1065 904 1142 claudatur,
923 1067 1012 1149 plane
1027 1078 1059 1132 ut
1079 1070 1110 1131 iu
1123 1087 1171 1146 ιι,

103 1149 136 1212 de
157 1169 216 1232 qua
235 1149 324 1212 modo
346 1151 511 1215 rettulimus
532 1151 647 1230 elegia,
674 1153 791 1214 tertiam
815 1161 929 1234 partem
951 1155 982 1233 (c
985 1154 1008 1232 .)
1031 1164 1170 1236 expectes

106 1246 131 1298 ιι
149 1255 247 1317 paene
271 1236 440 1312 desideres,
462 1255 548 1318 quam
567 1235 709 1299 facillime
730 1246 821 1319 poeto
843 1238 1005 1314 effecisset,
1026 1241 1098 1302 siv.
1117 1244 1169 1306 18.

103 1322 197 1404 paullo
227 1325 408 1386 immutatum
434 1334 571 1424 repetere
599 1323 752 1386 uoluisset.
800 1323 834 1386 ln
858 1323 1027 1388 Eleatem
1051 1327 1168 1400 ll‚ill.

105 1426 189 1470 causa
217 1411 346 1472 omissae
373 1410 573 1491 perorationis
600 1409 691 1470 murlto
715 1410 803 1471 etiam
830 1409 949 1474 facilius
976 1411 1169 1490 intelligitur.

103 1494 170 1556 llam
190 1497 283 1576 primi
299 1495 448 1569 uersiculi,
468 1497 584 1576 quihus,
606 1493 684 1577 quod
706 1495 823 1558 tardior
842 1497 966 1569 uenerit,
988 1513 1020 1558 sa
1038 1506 1170 1572 excusat,

103 1591 260 1660 propterea
285 1581 380 1644 solum
405 1583 562 1664 praemissi
583 1581 734 1657 uidentur,
763 1590 795 1644 ut
816 1579 1045 1664 descriptionem
1067 1584 1170 1664 templi

102 1666 221 1729 Palatini
251 1667 404 1730 amatoriis
432 1668 610 1732 carminibus
638 1669 772 1729 inserere
798 1667 914 1732 liceret.
955 1667 990 1730 ln
1012 1685 1049 1730 ea
1070 1679 1170 1732 autem

104 1753 297 1834 descriptione
318 1771 382 1816 curu
403 1773 513 1816 summa
533 1755 671 1816 carminis
686 1764 866 1829 uersaretur,
888 1753 1038 1816 leuissima
1057 1753 1169 1817 dilatae

103 1856 197 1902 norae
224 1841 315 1921 culpa
342 1857 402 1902 nou
430 1850 496 1904 arat
520 1841 609 1915 tanti,
637 1839 726 1902 utin
753 1839 810 1902 1ιιι
837 1840 945 1902 iterum
966 1847 1168 1904 excusaretur.

102 1925 183 1987 lmuo
211 1937 284 2008 post
311 1935 371 1992 tam
399 1925 577 1990 luculentam
605 1926 818 2008 expositionem
844 1925 932 1990 futile
957 1923 990 1988 id
1016 1926 1169 1992 uideretur

103 2020 128 2073 et
145 2012 243 2075 inane.

196 2097 345 2160 Interdum
367 2114 440 2162 uero
464 2098 521 2162 1ιιι
547 2097 614 2179 ipsa
634 2095 874 2178 breviloquentia
894 2112 1001 2162 neruos
1023 2097 1169 2170 orationis

103 2182 217 2247 mirifice
250 2183 408 2263 adstringit
438 2193 467 2247 et
497 2183 564 2246 dum
593 2183 771 2246 uoluntatem
805 2182 919 2246 indicat
952 2184 1051 2264 potius
1080 2201 1169 2265 quam

103 2272 288 2349 pronuntiat,
315 2289 376 2332 rem
404 2271 498 2352 ipsam
524 2271 567 2334 ita
592 2287 713 2350 grauem
738 2268 907 2332 existimare
925 2268 1057 2346 ridetur,
1084 2279 1117 2333 ut
1138 2270 1169 2330 iu

102 2357 241 2418 mautihus
263 2355 443 2419 audientium
465 2358 533 2437 ipsa
559 2373 616 2436 pro
640 2373 673 2417 ιι
695 2357 786 2418 tacita
807 2355 846 2418 sit
872 2354 1020 2418 locutura.
1064 2354 1170 2435 ltaque

102 2438 143 2502 El.
164 2441 222 2518 111,
247 2446 297 2504 13.
324 2441 513 2505 Cassandrae
534 2441 669 2523 exemplo
697 2442 729 2502 in
756 2441 835 2504 exitu
862 2441 961 2522 posito
988 2440 1169 2520 delnugitur,

103 2543 206 2606 aquo,
230 2537 263 2591 ut
286 2527 403 2608 plenum
425 2528 511 2592 fieret
531 2545 664 2602 carmen,
688 2525 726 2588 ad
749 2545 798 2589 ιιι
819 2525 968 2589 Romanas
991 2536 1020 2590 et
1042 2545 1096 2588 soa
1115 2545 1168 2590 ua-

103 2613 199 2675 ticinia
219 2613 322 2676 redire
344 2614 482 2677 debebat.
527 2613 588 2677 Sed
613 2614 670 2675 hoc
692 2629 729 2674 eo
753 2612 822 2675 loco
844 2611 966 2691 longum
989 2623 1065 2674 erat.
1106 2613 1169 2676 Ne·

102 2716 153 2778 quc
172 2700 251 2762 euim
273 2700 427 2781 qnisquam
448 2709 508 2763 tam
527 2698 644 2773 surdus,
665 2699 736 2780 quin
755 2699 923 2760 nominibus
945 2699 1063 2760 mutetis
1085 2715 1169 2759 suam

101 2801 157 2846 rem
185 2785 239 2865 agi
264 2788 397 2849 sentiret.
439 2784 553 2848 Eodem
579 2792 676 2848 autent
701 2801 826 2865 prorsus
852 2782 979 2847 artilicio
1005 2784 1098 2846 utitur
1119 2783 1169 2848 El.

103 2868 156 2947 lll,
181 2876 234 2936 l9.
256 2871 321 2948 liu,
346 2872 399 2934 ubi
427 2871 564 2953 quodum
591 2871 696 2934 Minoe
724 2871 851 2952 probat,
881 2877 987 2933 contra
1011 2869 1169 2932 mulierum

100 2953 293 3021 Romanarum
319 2959 521 3040 impotentiam
546 2957 655 3020 dictum
683 2973 749 3019 csse
772 2963 907 3038 apparat.
951 2956 1057 3036 Neque
1079 2955 1169 3018 aliter

100 3039 207 3120 Elll,
233 3047 270 3119 3,
295 3046 389 3108 46-
397 3046 466 3120 64.,
500 3061 574 3125 quos
602 3059 706 3106 uersus
732 3042 860 3105 Iacobus
891 3058 956 3104 cum
984 3059 1004 3103 a
1029 3041 1167 3123 proximo

100 3131 224 3191 carmine
250 3139 333 3193 recte
354 3137 563 3210 segregasset,
590 3127 694 3192 eodem
722 3127 831 3191 deinde
853 3145 957 3191 errore
985 3127 1088 3208 lapsus
1113 3135 1169 3204 cst,

102 3231 153 3314 quo
180 3217 386 3279 Lachmannus
408 3215 517 3292 El.,ll
539 3221 607 3290 11,
635 3215 700 3296 ipsa
721 3215 764 3290 ll,
788 3219 838 3278 13.
860 3213 910 3277 fin.
960 3207 1168 3276 Continuaturn

102 3302 170 3362 cuiun
190 3305 249 3364 1ιιι
271 3301 430 3381 elegidium
449 3319 513 3364 cunr
531 3308 638 3384 quarto
663 3301 831 3378 exiliata
852 3317 912 3381 quo
933 3306 1041 3373 tamen,
1064 3317 1167 3399 quoqu

100 3387 140 3447 uis
166 3389 263 3469 primo
292 3399 414 3469 aspectu
440 3387 553 3463 simile,
579 3388 767 3450 uehementer
792 3387 953 3467 discrepat.
1003 3385 1069 3449 lloc
1089 3385 1168 3448 eninr

101 3487 184 3552 supra
204 3475 283 3536 iuter
303 3492 340 3537 ea
357 3475 488 3537 carmina
507 3473 683 3548 rettulimus,
697 3491 785 3554 quae,
801 3489 866 3536 cum
884 3473 987 3552 aliquo
1006 3471 1167 3534 interuallo

100 3569 161 3636 post
180 3561 319 3641 proxima
342 3561 454 3641 scripta
479 3577 546 3622 esse
566 3558 731 3639 fungantur,
758 3560 791 3620 in
816 3559 904 3621 libris
926 3558 1091 3620 cohaerere
1116 3573 1167 3620 so-

99 3639 163 3707 lent.
206 3645 295 3708 Nera
322 3647 414 3726 igitur
438 3644 494 3708 ille
515 3643 634 3726 quidam
661 3646 743 3708 iuter
770 3663 804 3708 sc
833 3645 976 3722 diximus,
999 3661 1097 3726 neque
1119 3652 1167 3707 ιι-

100 3745 159 3792 meu
179 3741 213 3796 ut
233 3730 368 3812 elegiae,
389 3731 443 3794 sad
461 3740 494 3794 ut
514 3732 617 3814 eppllii
637 3731 811 3813 particulas.
852 3730 959 3812 ltaque
978 3730 1027 3793 lric
1046 3746 1166 3812 quoque

100 3817 223 3880 carmine
242 3821 273 3894 3,
292 3821 422 3882 1-44.
442 3818 588 3882 irretitum
608 3816 705 3880 denno
722 3835 825 3882 amore
841 3827 961 3899 poetam
982 3824 1012 3880 et
1031 3815 1166 3897 pulchri-

101 3901 196 3966 tudine
219 3904 341 3986 puellae
368 3905 413 3967 sic
439 3912 557 3986 captum
577 3903 727 3983 uidemus,
752 3911 786 3967 ιιι
811 3904 843 3966 iu
863 3903 989 3968 uinculis
1014 3903 1166 3966 renovatis

100 3993 238 4070 tanquam
256 3991 289 4052 in
309 3990 415 4073 spoliis
433 3991 562 4073 receptis
582 3990 703 4053 exultet.
743 3989 819 4054 Mox
837 4005 875 4056 ex
892 3989 986 4053 turbis
1003 3987 1165 4068 uoluptatis

100 4077 246 4150 gestientis
267 4077 419 4159 paululum
446 4077 626 4160 resipiscens
651 4077 816 4157 composita
841 4084 939 4139 ιιιιιιιι
964 4073 1164 4154 circumspicit

102 4168 125 4220 ιι
143 4162 277 4262 quamuis
292 4163 461 4226 conditione
480 4181 535 4226 sua
555 4171 707 4226 contentus
727 4162 768 4236 (v.
783 4163 862 4240 46),
879 4171 976 4225 tamen
991 4177 1046 4226 nec
1064 4176 1163 4239 aequa

101 4247 152 4306 ιι
144 4249 246 4328 rniqna
265 4252 381 4331 pariter
400 4250 460 4314 sibi
479 4249 606 4313 terenda
625 4266 691 4312 esse
711 4256 802 4327 negat
818 4249 859 4324 (r.
874 4249 941 4326 66.)
960 4255 989 4309 ιι
1008 4242 1076 4306 ideo
1096 4244 1163 4305 lere

100 4333 302 4410 caussinum
292 4355 325 4400 un
345 4355 402 4402 sua
421 4345 503 4403 sorte
524 4337 717 4420 acquiescere
737 4334 870 4413 uidetur,
894 4352 933 4458 ue
956 4339 1065 4441 mutato
1086 4329 1158 4410 iugo
