2834 4972
268 312 320 390 46
600 328 791 388 Quaestionum
810 332 891 390 Liber
908 336 1019 406 primus.

161 551 164 556 .
271 500 334 582 (El.
352 500 403 579 tv,
424 485 461 566 3.
479 500 530 580 Ν,
549 503 580 567 6.
605 501 654 580 Ν,
678 503 743 585 ll.)
769 507 911 574 carmina.
956 511 1153 589 Quamobrem
1174 537 1238 583 enm
1259 542 1335 588 amc-

270 607 349 664 renr,
379 587 428 651 cui
454 599 570 651 mortua
592 590 650 651 iam
679 591 782 672 puella
806 613 944 675 suprema
969 597 1070 662 debita
1094 620 1153 664 non
1175 609 1261 671 sertis
1288 623 1335 676 aut

268 674 369 738 inluso
391 673 504 748 nardo,
527 673 580 736 sed
602 671 751 742 debilibus
774 679 892 759 elegiae
913 683 1009 746 modis
1026 686 1200 768 Propertius
1222 695 1334 760 soluere

267 777 327 822 non
350 759 527 839 dedignatus
557 765 601 823 est
622 760 673 840 (cl.
693 762 741 826 ΕΙ.
760 762 809 843 Ν,
831 767 893 846 7.),
915 767 991 832 bunc
1013 782 1110 836 autem
1133 794 1262 842 amorem
1282 801 1334 863 per

267 837 388 926 sibgula
415 856 550 927 tempora
567 850 754 928 persequuti,
778 861 810 914 ut
832 869 943 933 operae
963 858 1089 935 pretium
1107 860 1216 926 fecisse
1236 868 1332 932 ridea-

265 949 347 1007 uuur,
373 946 558 1012 nequequam
587 950 731 998 veremur.
773 936 849 1000 Nam
874 940 931 1002 buc
960 960 1077 1026 quoque
1104 950 1260 1013 tenendum
1282 965 1332 1029 est,

264 1034 362 1098 neque
381 1019 445 1081 ulla
465 1018 496 1080 iu
516 1035 637 1100 operum
655 1029 742 1101 parte
762 1025 1026 1104 praetereundum,
1047 1030 1196 1098 diversam
1218 1037 1331 1102 diverso

264 1113 399 1185 tempore
425 1102 518 1166 inisse
544 1106 655 1167 amoris
679 1107 840 1190 rationem,
865 1120 972 1194 atquc,
993 1125 1026 1179 ut
1046 1117 1091 1180 ita
1112 1119 1226 1199 dicam,
1250 1125 1330 1205 inge·

263 1189 354 1252 nium.
403 1189 536 1265 Etenim,
565 1201 735 1272 expugnata
766 1197 889 1275 primum
918 1198 1059 1278 Cynthia,
1090 1202 1215 1270 iuuenili
1245 1212 1328 1292 plane

263 1277 362 1339 anino
378 1275 514 1352 exsultet,
531 1278 683 1340 tenuiores
701 1280 837 1360 planctus
857 1284 969 1366 iocosis
987 1287 1101 1352 lusibus
1120 1293 1231 1358 miscet.
1274 1298 1328 1360 Ubi

260 1361 450 1443 perfidiarum
469 1361 606 1447 ridet-iu
628 1363 691 1426 dies
715 1375 744 1428 et
771 1369 974 1450 superbiorem
994 1374 1141 1454 puellam,
1161 1380 1328 1446 iracundius

261 1449 389 1511 minacia
419 1447 512 1510 uerba
543 1449 645 1512 iactat.
695 1449 911 1534 Redintegrata
942 1467 1038 1522 autem
1071 1472 1142 1542 post
1177 1466 1327 1532 discidium

254 1535 363 1614 gratia
388 1535 478 1597 multo
500 1535 676 1598 maturiores
698 1537 838 1602 ridentur
857 1541 998 1620 allectus,
1023 1546 1159 1612 flammae
1181 1554 1328 1619 ardentio·

259 1637 327 1696 res,
347 1620 461 1682 enimus
484 1617 610 1700 denique
631 1622 728 1684 virilis
749 1627 863 1706 petius,
886 1646 973 1708 qnam
993 1631 1143 1699 iuvenilis.
1185 1640 1260 1703 llino
1279 1660 1326 1706 ua·

257 1707 357 1769 riores
375 1705 439 1768 ludi
460 1705 587 1786 iurique,
604 1706 670 1770 binc
690 1707 844 1774 adversam
861 1712 1009 1795 lortunam
1022 1722 1209 1800 experientia
1227 1726 1325 1792 doctus

258 1793 440 1855 moderatius
466 1791 540 1865 lert,
569 1801 636 1868 aut,
666 1795 717 1856 ubi
748 1799 872 1876 grauior
898 1800 1004 1878 instat,
1038 1810 1190 1873 moestitia
1219 1813 1323 1878 debilis

257 1878 373 1959 potins,
405 1895 492 1957 quum
521 1876 680 1959 desperetur
710 1890 739 1945 et
768 1883 861 1947 edera
888 1886 937 1948 ira
963 1906 1066 1953 versus
1096 1895 1230 1976 obtinet,
1259 1902 1323 1964 binc

254 1965 348 2028 uerba
369 1966 464 2025 minus
485 1973 669 2042 exaggerata
689 1975 718 2030 et
739 1966 778 2030 ad
797 1971 951 2036 ueritatem
972 1980 1138 2044 sententiae
1159 1992 1189 2047 et
1209 1984 1249 2048 ad
1271 2007 1322 2051 na·

251 2057 348 2116 turam
370 2049 537 2111 accuratius
559 2066 729 2131 expressae.

355 2135 491 2199 Ceterum
507 2136 657 2200 exstinctis
674 2145 743 2218 post
756 2141 868 2206 amicae
884 2153 1004 2209 mortem
1018 2155 1153 2228 pecturis
1173 2155 1324 2236 incendiis,

251 2239 312 2284 nou
334 2219 423 2285 modo
445 2222 562 2300 elegiae
584 2239 649 2285 euni
673 2223 868 2304 valedixisse,
898 2231 950 2292 sed
978 2250 1046 2294 mox
1071 2240 1164 2302 etiam
1190 2243 1323 2310 luxuriae

249 2307 381 2371 fortasse
401 2306 502 2370 taedio
524 2308 646 2371 Romam
669 2320 758 2374 antea
779 2315 960 2378 carissimam
980 2320 1109 2400 fugisse,
1143 2335 1176 2390 nt
1195 2315 1320 2394 asisium

249 2394 347 2460 redux
368 2403 516 2457 extremos
534 2396 615 2458 ritae
637 2415 730 2458 anuos
751 2401 851 2478 quiete
870 2415 1039 2483 perageret,
1058 2411 1125 2472 ueri
1146 2414 1318 2482 simillimum

249 2489 306 2544 est.
348 2481 404 2544 llic
426 2481 520 2558 igitur
539 2480 669 2545 fortasse
691 2483 774 2546 iuxta
800 2488 915 2567 patrios
936 2502 1058 2570 penates
1082 2494 1193 2562 lectum
1218 2507 1319 2583 genia·

245 2566 305 2629 lem
329 2584 387 2628 non
408 2566 540 2629 sterilem
566 2567 695 2630 futurum
716 2572 817 2651 posuit
837 2571 890 2652 (cl.
913 2575 984 2658 (lap.
1002 2577 1055 2658 l).
1099 2585 1178 2648 Hinc
1198 2590 1316 2656 Romam

245 2671 302 2736 per
330 2651 490 2716 interualla
523 2654 623 2734 petiit,
653 2654 705 2716 ubi
736 2659 847 2722 amicos
882 2669 912 2724 et
939 2673 1082 2744 patronos
1111 2674 1260 2742 reviseret
1288 2689 1317 2744 et

246 2746 363 2818 gratam
392 2738 439 2800 sui
472 2740 642 2802 memoriam
674 2745 853 2808 carminibus
887 2765 988 2811 eurum
1019 2769 1110 2816 causa
1144 2768 1313 2846 compositis

244 2833 433 2888 sustentaret.
474 2825 541 2888 Nisi
569 2826 648 2890 ferte
673 2845 795 2892 uxorem
817 2831 930 2896 dentum
952 2847 1020 2917 post
1044 2841 1231 2912 immaturum
1255 2871 1314 2916 ma.

243 2912 296 2974 riti
323 2912 435 2974 obitum
461 2928 526 2974 cum
555 2914 681 2994 paruulo
709 2917 916 2996 patrimonium
943 2925 1120 3006 municipale
1149 2937 1313 3002 recoluisse

242 2996 338 3060 malis.
382 2998 447 3060 lloc
467 3006 549 3061 certe
569 3010 755 3065 monumento
777 3003 849 3078 illo,
876 3005 914 3069 de
936 3026 994 3088 quo
1015 3013 1110 3092 primu
1134 3016 1220 3084 buius
1242 3025 1313 3087 libri

241 3084 340 3162 eapite
361 3083 543 3161 rettulimus,
563 3085 635 3148 satis
657 3095 701 3148 est
721 3089 911 3170 patefactum,
931 3096 1023 3158 Asinii
1044 3109 1182 3180 nepotum
1204 3114 1312 3174 seriem

241 3186 308 3232 esse
330 3169 478 3242 eductam,
505 3169 584 3232 unde
604 3191 679 3234 uuus
705 3174 747 3247 is,
770 3176 818 3236 cui
840 3195 1005 3256 cognomen
1026 3184 1165 3251 Blaeso
1186 3193 1309 3260 inditum

240 3262 314 3327 erat,
335 3255 366 3317 in
388 3251 574 3335 splendidam
590 3255 790 3321 Passennii
813 3265 920 3344 equitis
941 3265 1056 3332 domum
1078 3272 1241 3356 adoptione
1263 3301 1310 3345 re·

238 3349 341 3421 ceptus
368 3341 495 3404 numinis
524 3341 597 3404 auiti
627 3344 736 3408 sauram
765 3345 850 3412 felici
882 3352 956 3418 artis
985 3355 1077 3419 relati
1105 3359 1310 3432 hereditariae

235 3443 375 3493 successu
395 3425 627 3509 redintegraret.
