2822 4976
252 355 295 416 26
537 346 754 414 PRORERTII
773 347 836 412 ΕΙ..
858 347 889 427 1,
914 344 964 411 18.
989 345 1039 412 19.

242 569 244 574 ,
295 523 351 590 An
372 521 449 608 quia
470 497 577 607 parua
599 515 716 584 dantus
737 521 860 608 notato
883 519 982 606 signo
1005 517 1126 602 colore,

338 620 388 690 Et
409 641 473 687 non
496 621 561 687 ulla
583 636 656 684 meo
680 617 854 682 clamatio
878 635 934 682 ore
956 615 1065 710 rides?

290 713 367 791 ¹Vos
391 726 484 789 eritis
506 728 630 804 testes,
651 721 683 784 si
704 737 786 804 qnos
807 717 908 785 habet
930 721 1029 785 arbor
1050 709 1192 803 cruores,

251 839 278 886 ao
338 827 456 914 Fagus
478 832 512 891 et
531 822 675 892 Arcadio
697 823 791 906 pinus
814 824 919 888 amica
942 821 1015 890 deo.

295 925 350 996 Ah
374 928 525 1013 quotiens
545 930 680 990 teneras
701 930 860 988 resonant
881 941 955 988 mea
970 924 1076 989 verba
1097 925 1158 990 sub
1181 923 1312 1002 umbros,

338 1031 503 1098 Scribitur
523 1035 557 1095 et
577 1029 704 1094 vestris
728 1046 869 1092 crunnus
891 1029 1083 1094 corticibus!
1381 1031 1382 1036 ’

294 1134 351 1201 An
371 1140 429 1199 tua
451 1131 538 1219 qrrod
560 1131 807 1217 peperit'nobis
829 1133 948 1196 iniuria
971 1151 1081 1214 ouras,

339 1234 434 1317 Quae
455 1234 559 1301 solum
581 1234 693 1300 tacitis
718 1235 851 1322 cognitu
874 1241 950 1300 sunt
971 1232 1123 1300 foribus?

173 1409 176 1428 Ι
253 1353 280 1399 aa
298 1337 417 1407 Omnia
439 1339 599 1428 consuevi
621 1335 754 1402 timidus
778 1337 926 1422 perferre
949 1339 1115 1423 superbae

337 1440 455 1522 Iussa,
476 1455 583 1523 neque
605 1448 724 1525 arguto
749 1438 839 1504 facta
862 1436 973 1503 dolore
995 1441 1098 1524 queri.

182 1617 185 1622 ,
295 1543 360 1610 Pro
384 1560 464 1627 quo,
487 1538 588 1604 divini
611 1539 756 1620 Fontes„
778 1546 811 1604 et
832 1539 956 1626 frigida
977 1557 1077 1624 rrrpes

337 1644 386 1712 Et
408 1643 503 1712 datur
523 1642 644 1714 inculto
666 1643 796 1706 tramite
816 1639 898 1706 dura
921 1644 1032 1726 quies:

295 1746 344 1815 Et
366 1745 591 1833 quodcumque
610 1761 708 1814 ¹meae
730 1750 870 1828 possunt
892 1761 1030 1809 narrare
1050 1745 1217 1830 querelae,
1284 1773 1286 1776 ·

252 1869 279 1916 ao
342 1851 452 1938 Cogor
474 1846 517 1914 ad
541 1855 680 1936 argutas
704 1847 815 1914 dicere
838 1849 929 1914 solus
952 1867 1046 1914 aves
1381 1925 1382 1930 ἵ

297 1953 370 2028 Sed
393 1953 642 2038 qualiscumque
661 1969 717 2032 es,
741 1959 898 2018 resonent
919 1951 997 2017 mihi
1020 1949 1296 2030 ranunculus,

339 2055 413 2122 Nec
434 2052 569 2119 deserta
592 2058 647 2120 tuo
669 2055 802 2123 nornine
822 2071 909 2124 saxa
929 2059 1064 2125 uacent.

746 2267 842 2344 XIX.

295 2394 385 2484 Non
407 2425 471 2497 ego
492 2425 577 2473 nunc
597 2409 713 2477 tristes
735 2426 873 2493 vereor,
895 2427 970 2474 mea
990 2393 1154 2495 Cynthia,
1175 2406 1298 2484 Mones,

245 2536 253 2598 ·,
337 2514 409 2580 Neo
430 2530 538 2578 moror
561 2518 707 2578 extremo
730 2511 844 2581 debita
862 2513 933 2578 fata
955 2532 1054 2600 rogo:
1185 2591 1188 2598 Ι

296 2616 367 2686 sed
390 2635 434 2682 ne
453 2616 540 2681 forte
559 2622 616 2681 tuo
639 2623 753 2682 careat
773 2615 853 2683 nihi
873 2618 972 2682 sonus
995 2632 1118 2698 amore,

338 2722 405 2787 Hic
425 2722 521 2786 timor
543 2724 597 2784 est
619 2721 702 2804 ipsis
727 2719 838 2785 durior
860 2723 1023 2806 exequiis.

265 2826 372 2894 oNon
393 2817 477 2916 adeo
496 2823 616 2887 leviter
634 2825 760 2888 nostris
782 2842 864 2908 puer
883 2823 995 2888 haesit
1014 2821 1143 2903 ocellis

198 3001 200 3009 Α
336 2927 382 2994 Ut
404 2945 496 3018 cneus
518 2926 617 2991 oblito
641 2926 749 3010 pulvis
772 2944 883 2991 amore
902 2932 1011 2992 oraret.

294 3027 366 3098 Illic
385 3027 585 3114 Phylacides
606 3029 769 3094 iucundae
791 3032 943 3117 coniugis
966 3029 1068 3095 heros

335 3133 411 3196 Non
430 3132 536 3217 potuit
558 3133 669 3196 caecis
693 3135 850 3198 inmemor
871 3150 950 3196 esse
970 3132 1065 3214 locis,

294 3232 366 3302 Sed
390 3233 528 3319 cupidus
550 3235 648 3299 falsis
670 3237 837 3322 attingere
856 3235 983 3324 gaudia
1003 3236 1120 3321 palmis

250 3351 278 3396 u
339 3335 524 3403 Thessalus
547 3339 714 3424 antiquom
732 3347 890 3429 uenerat,
909 3341 1022 3406 umbra
1028 3388 1040 3424 r.
1060 3339 1202 3408 domum.

318 3557 360 3607 17.
379 3553 468 3605 colore
480 3557 515 3606 N.
526 3555 558 3610 P.
567 3551 619 3612 Hi.
634 3558 665 3609 V.
675 3560 719 3613 M.
777 3561 820 3616 18.
837 3575 890 3611 uon
908 3560 979 3610 nulia
996 3556 1049 3612 Hb.
1070 3574 1119 3612 ora
1134 3559 1168 3612 G.
1222 3561 1260 3609 19.
1276 3567 1313 3604 ar-

250 3635 300 3688 dor
320 3638 353 3690 G.
371 3643 408 3691 H.
431 3639 461 3693 V.
479 3654 503 3689 r.
520 3637 572 3694 Hi.
648 3645 690 3695 20.
717 3650 805 3695 amata
824 3646 856 3697 G.
875 3643 929 3698 Hi.
949 3662 991 3712 cu,
1018 3643 1103 3696 amica
1125 3643 1202 3697 Peri.
1222 3647 1256 3695 H.
1274 3641 1311 3691 M.

167 3775 171 3784 ,
237 3730 294 3780 22.
314 3725 529 3782 uostrisHhM
583 3731 626 3780 2⁵.
646 3729 745 3782 timidis
759 3737 797 3790 ΙΙ.
809 3736 852 3788 Μ.
872 3733 985 3800 superbe
998 3733 1033 3786 R.
1087 3736 1130 3783 26.
1149 3727 1314 3790 recolant,

228 3810 311 3866 spicia
329 3811 407 3866 Perr.
473 3816 515 3864 29.
537 3827 631 3864 narare
647 3814 682 3864 R.
760 3820 802 3870 30,
824 3815 856 3866 ad
877 3831 926 3870 om,
942 3817 1000 3881 M„
1027 3815 1055 3864 et
1073 3816 1108 3862 ΙΙ,
1127 3828 1152 3864 r,
1229 3816 1270 3864 31,
1288 3820 1311 3856 es

248 3913 298 3949 ooo.
311 3897 344 3951 G.
363 3903 490 3946 resonant
506 3893 607 3953 Hh.H.
617 3899 660 3954 M.
680 3895 729 3950 tibi
746 3900 781 3954 n.
795 3915 834 3966 ra,
854 3898 919 3950 nuni
937 3901 970 3952 D.
985 3900 1060 3950 Pero.
1076 3898 1107 3950 V.
1176 3901 1219 3950 32.
1233 3895 1273 3946 Ne
1284 3891 1310 3942 6.

247 3981 337 4035 iacent
358 3998 401 4048 pr.
420 3986 456 4036 N.

240 4137 243 4144 y
316 4076 397 4142 XIX,
417 4081 442 4127 1.
468 4092 521 4128 nou
541 4078 634 4130 tristes
653 4095 697 4146 pr.
718 4095 752 4135 m.
771 4083 808 4135 N.
896 4081 923 4131 2.
948 4075 1018 4128 facta
1036 4077 1079 4126 M.
1161 4077 1188 4124 3.
1208 4071 1275 4121 carot
1290 4079 1310 4115 r.

248 4162 297 4217 riti
314 4166 352 4214 H.
369 4161 457 4233 snnrus
475 4178 518 4227 po.
538 4179 571 4218 ru.
583 4161 637 4216 Hb.
705 4168 731 4218 a
752 4170 844 4220 noster
860 4169 897 4218 N.
916 4179 940 4216 r.
960 4148 987 4219 ὦ.
1002 4166 1041 4213 Η.
1059 4161 1088 4211 V.
1106 4161 1149 4213 M.
1162 4158 1207 4222 D·.‚
1224 4148 1310 4206 uostris

248 4249 324 4302 Perr.
344 4246 450 4300 occellis
466 4263 509 4313 pr.
522 4247 621 4304 anili.
638 4248 738 4320 haesit]
755 4251 812 4305 exit
825 4251 859 4305 6.
907 4252 933 4302 7.
947 4243 1128 4302 iuoondpo.
1177 4246 1217 4297 1⁰.
1235 4236 1311 4290 Thes·
1381 4281 1382 4320 ᾖ

248 4335 320 4386 salus
341 4334 373 4387 θ.
395 4337 432 4386 N.
451 4349 476 4390 r.
496 4330 552 4387 no.
569 4339 607 4393 H.
626 4339 670 4390 M.
690 4338 724 4394 D.
1381 4331 1382 4356 *
