2806 4974
241 411 331 484 Caput
348 415 410 486 llll.
445 414 489 470 De
506 413 656 472 imitatione
671 415 810 488 poetarum
827 417 1075 479 Alexandrinorum·
1116 392 1193 484 197

256 607 292 621 -·
324 579 367 643 aie
387 578 499 656 ἥρωες
516 581 563 638 ἀπ’
581 582 689 653 Αἰήταο
705 587 829 642 Κυταίου
848 607 874 649 tr.
889 604 915 646 t.
934 591 978 646 A*

119 697 197 764 Tum
214 719 287 767 roro
306 703 396 768 etiam
408 703 568 770 Maeandri
589 708 826 774 commemoratio
845 707 885 773 ad
906 709 1036 792 aliquam
1056 709 1191 776 lahulan

120 790 295 851 amatorium
321 793 487 873 pertineat,
513 809 590 873 qua,
616 791 712 856 donec
738 794 800 859 alia
824 796 1025 876 innotescant,
1051 797 1189 862 llerculis

119 875 300 951 seruitutem,
319 895 408 957 quam
423 877 539 956 Lydiae
557 879 721 961 Omphalae
744 881 903 960 seruiebat,
924 893 1073 947 narratam
1094 883 1190 948 luisse

118 959 222 1024 licebit
250 964 403 1027 coniicias.
450 964 544 1028 liuius
572 975 654 1029 certe
681 968 791 1030 amoris
818 977 921 1040 testem
951 970 1039 1033 ctiam
1066 970 1190 1034 Ouidius

118 1044 218 1198 glacis
226 1045 297 1168 IX,
321 1050 390 1132 55.)
416 1047 615 1117 Maeandrum
643 1051 762 1116 durium
789 1053 865 1119 lacit
892 1054 999 1120 iisdem
1024 1056 1091 1122 iere
1118 1068 1191 1120 usus

255 1246 420 1300 Maeandros
435 1248 528 1316 toties,
546 1249 590 1316 poi
607 1249 687 1303 reads
705 1255 780 1303 mot
798 1249 934 1321 laistim,

294 1315 343 1379 Qud
360 1317 450 1368 lassos
467 1317 495 1368 to
512 1331 541 1370 se
557 1333 637 1384 saepe
654 1325 787 1386 retorquet
805 1332 899 1389 opaca,

260 1383 331 1438 Vidit
350 1385 379 1437 t'o
394 1386 524 1437 lineolae
542 1401 671 1455 saeptoso
689 1388 798 1440 monilia
815 1387 891 1444 collo.

115 1520 181 1584 Iloo
208 1520 304 1601 igitur
324 1527 528 1600 argumentum
548 1518 603 1583 illo
626 1511 741 1583 αἰτίων
762 1521 860 1603 capite
887 1530 1062 1604 persecutus
1086 1521 1190 1602 luerit,

113 1624 176 1688 quo
199 1601 279 1690 περὶ
301 1605 366 1668 τῶν
390 1599 424 1669 ἐν
446 1603 487 1688 τῇ
513 1597 691 1692 οἰκουμένῃ
716 1605 877 1687 ποταμῶν
899 1609 1045 1690 agebatur
1066 1609 1118 1690 (cl.
1140 1611 1189 1672 iu·

115 1693 190 1772 fra).
235 1688 493 1774 Versusdenique
511 1695 563 1756 37.
584 1703 614 1756 ct
636 1696 705 1769 38„
730 1693 782 1772 qui
803 1694 898 1775 primo
921 1705 1044 1776 aspectu
1066 1694 1106 1758 ad
1127 1696 1190 1758 Ac·

114 1778 210 1864 schyli
233 1776 405 1858 tragoedias
425 1777 579 1842 referendi
601 1795 668 1840 esse
690 1776 876 1856 riderentur,
903 1789 934 1844 et
953 1783 1036 1866 ipsos
1058 1781 1187 1844 ererho

112 1867 273 1944 referas
296 1865 456 1946 pendentes
476 1863 678 1928 thlinachoa
698 1865 851 1929 continere
870 1876 1059 1946 argumenta,
1077 1865 1137 1929 iam
1156 1867 1190 1930 iu

113 1951 377 2016 dissertatiuncula
397 1968 489 2033 supro
510 1958 674 2013 memorata
696 1951 738 2031 (p.
760 1954 825 2029 17.)
850 1953 976 2016 evicisse
995 1955 1082 2016 uobis
1103 1951 1190 2016 uide·

114 2055 190 2100 mur.
233 2036 337 2121 Neque
360 2037 436 2100 enim
458 2036 594 2118 proiecto
616 2045 725 2117 poeta,
753 2038 804 2118 qui
828 2054 934 2101 causas
957 2037 1089 2102 Graecas
1109 2039 1189 2104 ceci·

112 2125 174 2200 nit,
201 2121 407 2186 Nemeeusium
432 2122 570 2185 ludorum
599 2123 744 2202 originem
773 2122 909 2186 omittere
935 2125 1048 2205 potuit,
1079 2124 1188 2205 quibus
1315 2129 1317 2134 ’

110 2211 238 2294 primunr
260 2211 291 2271 in
312 2211 455 2272 honorem
475 2209 649 2272 Archemori
669 2209 777 2271 mortui
797 2208 939 2274 institutis
956 2211 1053 2274 Arion
1072 2210 1189 2275 uocabs

111 2296 236 2360 Adrasti
263 2313 355 2376 equus
381 2295 536 2359 victoriam
559 2294 689 2358 curulem
716 2293 830 2358 rettulit
853 2295 907 2374 (ci.
930 2294 1060 2376 comm).
1109 2297 1184 2372 Neo,

6 2399 7 2404 ¹
111 2383 139 2445 si
162 2382 300 2463 quaeris,
323 2381 430 2444 omisit.
472 2381 587 2444 Etenim
611 2398 675 2442 cum
700 2380 732 2442 in
752 2375 841 2444 tertio
863 2378 929 2443 τῶν
950 2372 1065 2444 αἰτίων
1091 2380 1183 2459 libro,
1313 2449 1317 2464 p
1397 2361 1398 2370 ¹

111 2480 236 2531 auctore
256 2467 410 2548 Stephano
431 2467 552 2546 Byzuut.
574 2465 668 2543 (Gall.
689 2465 778 2545 frgm.
795 2466 908 2530 XXIX.
924 2465 1054 2547 Beati),
1082 2466 1185 2549 Ape·

110 2555 235 2618 santis
259 2558 363 2616 montis
384 2554 415 2614 in
429 2554 558 2616 Nemeae
575 2551 682 2614 finibus
703 2554 753 2616 siti
773 2554 948 2615 mentionem
968 2553 1084 2629 feccrit,
1103 2551 1185 2634 apud

108 2642 188 2706 hunc
210 2649 308 2703 autem
327 2651 452 2702 moutem
467 2640 608 2702 Arionem
630 2656 735 2719 equum
754 2638 917 2702 celeritatis
937 2655 1010 2701 suae
1030 2639 1185 2718 egregium
1260 2705 1262 2712 ,

109 2727 260 2808 specimen
290 2725 408 2788 dedisse
441 2726 606 2788 iamborum
634 2725 802 2804 fragmento
831 2724 894 2806 (ap.
924 2723 1049 2787 eundem
1077 2723 1184 2804 Stepb.

108 2813 182 2892 Byz.
210 2831 234 2875 s.
254 2829 282 2875 u.
301 2800 461 2887 Ἀπέσας,
488 2810 564 2874 Gall.
587 2811 676 2890 irgm.
695 2811 847 2874 LXXXII.
868 2809 980 2890 Bentl.)
1006 2809 1100 2885 dicat,
1121 2827 1182 2872 nou

108 2898 261 2962 temerarii
287 2896 466 2971 ridebimur,
495 2898 521 2958 si
542 2895 645 2976 priore
668 2914 786 2977 quoque
812 2897 883 2959 loco
902 2896 1024 2958 Arionis
1046 2895 1184 2958 certami-

107 3001 237 3066 numque
260 2983 435 3046 Archemori
461 2983 629 3064 funebrium
657 2985 832 3046 meutionem
857 2982 967 3045 iactam
990 2981 1084 3044 luisse
1109 2997 1181 3046 cou-

107 3073 278 3134 iecerimus.
328 3069 412 3131 llunc
439 3079 537 3132 autem
565 3070 663 3133 locum
692 3088 713 3130 a
739 3068 921 3131 Callimacho
951 3069 997 3131 ita
1023 3075 1180 3130 tractatum

5 3215 7 3232 ι
108 3175 193 3234 esse,
221 3164 253 3218 ut
280 3155 355 3217 nulli
383 3154 496 3234 legenti
516 3156 651 3234 ingratus
673 3156 788 3217 ueniret
807 3154 895 3230 „siue
915 3154 946 3215 in
967 3169 1069 3216 amore
1094 3152 1179 3216 rudis

5 3319 10 3339 δ
107 3245 172 3308 siue
193 3242 331 3327 pcritus“
352 3239 417 3305 iuit.
462 3240 551 3305 Gerte
574 3250 604 3305 et
622 3240 803 3322 Hypsipylae
827 3238 892 3303 feta
912 3249 941 3303 st
962 3239 1091 3324 liliorum
1109 3239 1178 3321 pius
1249 3243 1254 3250 ’

107 3346 195 3393 emor
224 3336 253 3390 et
287 3326 409 3389 infantis
437 3327 585 3408 Opheltae
612 3327 769 3390 immatura
801 3335 897 3389 morte
925 3325 1042 3408 abrepti
1075 3325 1177 3406 imago

106 3414 235 3498 puerilis
264 3412 356 3476 multa
380 3415 599 3492 praebuerunt,
626 3431 704 3493 quae
729 3411 778 3477 uel
807 3410 972 3491 elegiarum
992 3411 1123 3492 scriptor
1146 3412 1178 3474 in

107 3519 190 3564 suum
222 3517 305 3576 usum
338 3507 512 3568 conuertere
547 3507 659 3581 posset.
710 3498 788 3576 Quin
817 3498 944 3559 omnium
975 3497 1178 3566 mollissimum

85 3583 288 3654 .Simonidem
309 3602 347 3647 ex
367 3586 425 3647 hoc
448 3584 532 3648 fonte
556 3585 691 3648 hausisse
713 3585 750 3646 ab
769 3584 922 3647 Athenaeo
944 3581 1100 3660 docemur,
1124 3583 1177 3664 qui
1269 3617 1271 3626 ,

107 3673 231 3755 (Deipu.
251 3670 305 3734 IX.
328 3688 356 3751 p.
376 3673 449 3734 396.
469 3671 557 3750 irgm.
580 3673 632 3734 26.
653 3667 883 3748 Schneidewin)
908 3688 1030 3751 paruum
1058 3667 1177 3751 quidem

106 3758 160 3822 sed
186 3757 388 3821 suavissimum
410 3758 473 3820 aius
499 3757 695 3835 fragmentum
717 3754 756 3819 de
776 3756 955 3818 Archemori·
976 3756 1062 3818 obitu
1087 3756 1175 3818 uobis

107 3844 248 3908 cenauit.
294 3843 377 3906 llaec
404 3853 500 3909 autem
526 3842 626 3904 omnia
651 3842 805 3922 aliquanto
830 3843 919 3905 ctiam
943 3841 1058 3922 aptius,
1085 3859 1174 3922 poam

107 3930 241 4009 origines
269 3929 419 3993 Romanas
453 3928 548 4007 elegis
579 3927 693 3990 includi
727 3928 876 4009 potuisse,
909 3945 947 3992 ea
974 3928 1012 3990 iis
1040 3935 1175 4010 apparet,

106 4033 185 4098 quac
206 4013 244 4078 ad
263 4014 374 4077 calcem
394 4013 483 4096 primi
508 4013 595 4075 huius
614 4013 686 4077 libri
708 4012 814 4093 capitis
834 4011 1057 4093 disputavimus.
1100 4011 1176 4075 Nam

106 4119 183 4184 puae
206 4099 243 4164 de
264 4101 416 4164 Romanae
440 4101 537 4180 gentis
562 4099 656 4162 initiis
683 4097 819 4164 feruntur
844 4098 966 4163 fabulae
989 4099 1094 4181 pacche
1122 4115 1175 4162 ex·

107 4188 201 4270 ceptis
230 4204 330 4248 omnes
357 4185 460 4249 nescio
480 4182 553 4267 quid
579 4201 713 4250 seuerum
734 4192 841 4248 sonant
862 4193 892 4246 et
915 4187 1016 4260 triste,
1042 4195 1071 4248 et
1092 4179 1175 4264 quod

106 4273 202 4336 leroci
225 4271 315 4336 Urhis
341 4273 456 4335 auctori
482 4272 611 4353 placeat.
652 4269 797 4348 illegiaco
823 4279 920 4333 autem
946 4261 1035 4335 uersu
1062 4269 1176 4350 scripta

107 4360 197 4423 luisse
219 4357 395 4422 GaIIImachi
418 4347 523 4435 αἴτια,
553 4354 698 4440 quidquid
717 4364 821 4421 coutm
841 4356 942 4420 dicunt
960 4354 1177 4423 Valckenarius
1308 4413 1309 4416 ,
