2822 4976
375 367 786 451 recederemus).
810 370 859 440 ¹⁰.
972 467 975 481 Ι

127 539 260 626 Sidere
280 561 359 623 sunt
379 560 487 621 testes
510 535 863 640 et'mututinauruiuc

171 659 219 727 Et
240 659 349 724 furtim
365 659 490 750 *misera
512 657 612 723 iuuuc
633 661 750 743 aperta
768 655 861 724 mihi:

127 764 179 848 Te
201 760 280 827 nihil
300 764 335 827 in
352 764 424 828 vita
442 761 545 826 nubis
561 761 730 846 acceptius
751 776 918 844 umquam:

171 865 269 930 Nunc
289 879 418 947 queque
439 864 523 945 eris,
545 864 696 948 quamvis
720 863 770 926 sis
792 863 924 927 inimice
943 859 1030 932 mihi.
1062 909 1065 916 -

80 982 109 1027 rs
126 969 203 1032 Nec
225 965 354 1031 demine
374 965 440 1030 ulle
460 985 532 1031 mea
554 971 655 1050 pauet
670 965 822 1053 uestigia
842 964 944 1029 lectu:

173 1065 275 1136 Salus
296 1081 369 1152 cro,
390 1071 540 1154 queniam
561 1087 626 1135 uun
647 1067 726 1134 licet
747 1084 827 1132 esse
847 1072 946 1133 tuum.
985 1091 990 1098 ·

128 1173 243 1257 Atque
264 1174 402 1254 utinam,
425 1174 456 1237 si
476 1174 562 1238 farte
583 1173 656 1257 pies
679 1169 852 1235 eduximus
873 1186 990 1251 eunus,

173 1273 234 1340 lde
255 1276 361 1340 viria
386 1273 492 1341 medie
513 1275 572 1342 iet
591 1290 703 1340 emere
724 1273 825 1358 lapis!

130 1379 206 1443 Nun
228 1378 268 1444 ub
289 1396 395 1466 regua
415 1380 524 1466 magis
546 1377 627 1444 diris
649 1375 800 1444 cecidere
820 1375 882 1442 sub
903 1376 1005 1442 ermis

84 1489 114 1535 ⁵⁰
175 1478 324 1546 Thebani
345 1481 454 1546 media
473 1499 539 1547 neu
558 1482 632 1545 sine
649 1485 755 1545 matre
775 1477 889 1571 duces

134 1580 260 1665 Quum,
279 1583 357 1650 mihi
379 1585 410 1650 si
430 1583 540 1650 media
556 1583 656 1651 liccat
676 1599 826 1672 pugnare
844 1580 964 1666 puelle,

174 1685 314 1755 Mortem
336 1703 487 1776 egenen
507 1688 632 1778 fugiam
649 1693 754 1756 morte
772 1687 884 1756 subire
902 1691 970 1755 tua.

605 1884 649 1959 X.

80 2061 82 2067 =
133 2003 217 2090 Sed
239 2029 367 2110 tempus
389 2026 533 2093 lustrare
554 2025 629 2093 aliis
651 2025 813 2094 Helicone
833 2021 974 2104 choreis,

178 2122 226 2190 Et
247 2143 394 2211 campum
411 2127 593 2195 Haemonio
612 2129 678 2192 iem
701 2126 782 2193 dere
804 2131 932 2212 tempus
954 2145 1048 2213 eque.

136 2229 206 2297 lem
228 2232 309 2297 libet
332 2238 365 2298 et
385 2233 490 2299 furtes
512 2250 694 2298 memorare
714 2229 758 2296 ad
779 2233 905 2318 praelia
924 2239 1062 2318 turmas,

180 2332 228 2400 Et
245 2335 395 2402 Romanu
416 2339 481 2401 mei
501 2335 613 2402 dicere
633 2341 747 2401 cestre
765 2331 871 2400 ducis.

105 2447 120 2492 ὁ
138 2433 233 2518 Quod
256 2438 288 2501 si
307 2435 461 2503 deficiant
480 2438 591 2520 vires,
613 2436 754 2502 audacia
776 2443 867 2503 certe

180 2539 274 2604 Laus
295 2541 372 2605 erit:
392 2542 427 2605 in
444 2543 575 2630 mugnis
597 2546 631 2605 et
651 2539 802 2605 valuisse
823 2544 879 2604 sut
897 2544 960 2604 est.

141 2642 249 2708 Aetas
269 2644 373 2726 prima
395 2650 494 2710 canet
510 2644 680 2726 Veneres,
707 2649 857 2709 extreme
875 2640 1047 2708 tumultus:

183 2743 281 2809 Bella
300 2763 432 2827 cauum,
458 2745 589 2832 quanda
611 2746 737 2834 scripta
758 2735 867 2829 puelle
887 2761 962 2809 mee
983 2750 1048 2812 est.

141 2847 239 2912 Nunc
258 2848 331 2913 vulo
355 2849 515 2916 subducte
537 2852 674 2940 gravier
698 2848 879 2936 precedere
900 2849 1004 2933 vultu,

99 2962 127 3007 ιο
186 2950 282 3015 Nunc
300 2949 398 3014 uliam
420 2951 577 3018 citharam
598 2967 651 3017 me
672 2969 747 3017 mee
763 2951 863 3016 Musa
881 2947 988 3016 dccet.

142 3044 273 3136 Surge,
292 3050 418 3134 anima,
440 3069 485 3118 ex
505 3051 631 3118 humili:
653 3053 717 3118 iam
737 3051 882 3116 carmine
903 3051 1022 3116 sumite
1042 3051 1146 3139 virete,

186 3151 353 3219 Pierides:
375 3156 487 3246 magni
508 3175 594 3224 nuuc
614 3157 676 3222 erit
696 3157 764 3221 uris
784 3174 878 3240 epus.

147 3251 219 3320 lum
240 3264 344 3345 neget
365 3256 558 3345 Euphrates
581 3250 724 3346 equitem
746 3265 823 3343 post
843 3264 941 3345 terga
960 3258 1047 3327 tueri

191 3358 403 3445 Parthorum.
425 3370 459 3428 et
478 3356 624 3430 Crassus
646 3383 687 3430 sc
706 3365 857 3428 tenuisse
877 3360 979 3428 delet:

104 3473 132 3518 1³
148 3459 244 3528 India
266 3464 360 3549 quin,
381 3467 555 3554 Auguste,
575 3473 632 3535 tue
652 3463 711 3532 dut
732 3464 816 3531 colla
836 3461 1009 3550 triumphu,

174 3666 218 3721 42.
237 3666 287 3720 use
302 3683 327 3723 r.
377 3670 421 3727 43.
439 3671 529 3740 nobis]
546 3671 631 3737 magis
650 3676 692 3726 cut
704 3677 741 3728 H.
793 3672 838 3726 «11.
856 3667 906 3738 siu]
923 3667 963 3722 sic
978 3668 1015 3726 N.
1067 3671 1110 3726 15.
1128 3687 1179 3740 po·
1244 3733 1249 3749 .

108 3765 143 3802 ue
159 3766 185 3803 r.
252 3755 296 3805 47.
315 3751 385 3822 pies]
405 3762 464 3810 tuos
483 3759 517 3810 D.
586 3763 629 3813 ⁵2.
648 3758 723 3824 fugio
741 3762 778 3813 H.

176 3841 216 3913 X,
236 3853 260 3900 1.
277 3851 303 3902 2.
328 3849 356 3899 ia
376 3852 408 3906 G.
425 3863 450 3908 r.
471 3849 523 3904 Hb.
544 3854 578 3905 D.
604 3854 736 3920 superiori
765 3853 876 3904 carmini
902 3850 1107 3919 adhaerescunt,
1133 3853 1179 3906 sed

109 3930 141 3984 P.
166 3937 191 3982 et
216 3947 251 3984 m.
275 3949 299 3985 s.
323 3933 377 3988 Hb.
404 3938 546 3990 iaterstt'la'e
573 3937 696 3995 diiaaar‘t.
740 3939 841 3994 1.1srn
865 3952 907 4001 a.,
932 3935 986 3987 Sed
1011 3940 1049 3992 H.
1072 3938 1112 3992 M.
1134 3939 1181 4005 it,

111 4017 177 4068 ...d
200 4018 230 4073 V.
298 4023 325 4073 2.
344 4020 469 4076 hemuuio
489 4025 537 4093 G„
563 4024 686 4077 aemonio
703 4041 729 4080 r.
797 4027 824 4079 5.
842 4021 965 4076 deficient
983 4024 1017 4075 D.
1085 4029 1111 4076 6.
1132 4037 1183 4074 no-

110 4100 192 4152 luisse
211 4103 244 4157 G.
325 4111 351 4162 7.
376 4115 478 4160 veteres
498 4111 531 4166 G.
618 4116 644 4165 9.
669 4109 810 4164 succedere
832 4111 867 4160 D.
887 4109 984 4162 HM.
1004 4125 1029 4162 r.
1054 4112 1127 4161 cultu
1147 4110 1182 4163 G.
1287 4100 1294 4117 ⁴

113 4186 420 4260 10.Namqu011.M.‚
448 4194 557 4260 Iamque
579 4194 611 4250 V.
636 4194 764 4248 citheram
784 4196 817 4248 G.
892 4201 935 4247 11.
955 4193 1071 4244 carmine
1088 4208 1131 4259 pu.
1147 4209 1184 4250 m.

111 4268 261 4329 11h.D.H
331 4281 373 4332 13.
391 4277 507 4331 eufrates
527 4280 559 4336 G.
629 4284 672 4332 14.
693 4279 812 4333 timuisse
829 4297 853 4333 e.
872 4295 907 4332 m.
926 4273 980 4332 Hb.
997 4279 1033 4327 H.
1054 4276 1107 4342 M„
1126 4291 1184 4328 me-

118 4358 200 4412 tuisse
218 4361 249 4414 V.
302 4364 344 4416 1⁵.
362 4363 421 4432 quis
433 4365 465 4418 G.
473 4369 510 4418 Ν.
519 4363 572 4423 Hb.
579 4366 612 4424 D.
620 4371 657 4424 Η.
669 4367 700 4420 V.
708 4383 746 4437 r.,
761 4365 868 4420 Indicus
885 4379 902 4416 ο
914 4363 989 4418 Parc.
1007 4365 1136 4426 eussustae
1145 4360 1182 4417 Ν·
