<?xml version="1.0" encoding="UTF-8"?>
<!DOCTYPE html PUBLIC "-//W3C//DTD XHTML 1.0 Transitional//EN"
    "http://www.w3.org/TR/xhtml1/DTD/xhtml1-transitional.dtd">
<html xmlns="http://www.w3.org/1999/xhtml" xml:lang="en" lang="en">
 <head>
  <title>
</title>
<meta http-equiv="Content-Type" content="text/html;charset=utf-8" />
  <meta name='ocr-system' content='tesseract 3.04.00' />
  <meta name='ocr-capabilities' content='ocr_page ocr_carea ocr_par ocr_line ocrx_word'/>
</head>
<body>
  <div class='ocr_page' id='page_1' title='image "./sexaureliiprope02propgoog_0245.png"; bbox 0 0 2806 4974; ppageno 0'>
   <div class='ocr_carea' id='block_1_1' title="bbox 215 373 1175 460">
    <p class='ocr_par' dir='ltr' id='par_1_1' title="bbox 215 373 1175 460">
     <span class='ocr_line' id='line_1_1' title="bbox 215 373 1175 460; baseline 0.016 -22"><span class='ocrx_word' id='word_1_1' title='bbox 215 383 306 454; x_wconf 80' lang='lat' dir='ltr'><strong>Gepnt</strong></span> <span class='ocrx_word' id='word_1_2' title='bbox 317 385 368 448; x_wconf 86' lang='lat'>111,</span> <span class='ocrx_word' id='word_1_3' title='bbox 403 383 445 438; x_wconf 87' lang='lat' dir='ltr'><strong>De</strong></span> <span class='ocrx_word' id='word_1_4' title='bbox 459 391 587 454; x_wconf 87' lang='lat' dir='ltr'><strong>ternpore,</strong></span> <span class='ocrx_word' id='word_1_5' title='bbox 600 399 653 454; x_wconf 88' lang='lat' dir='ltr'><strong>qoo</strong></span> <span class='ocrx_word' id='word_1_6' title='bbox 667 384 767 452; x_wconf 82' lang='lat' dir='ltr'><strong>singuli</strong></span> <span class='ocrx_word' id='word_1_7' title='bbox 781 385 915 455; x_wconf 80' lang='lat' dir='ltr'><strong>Propertii</strong></span> <span class='ocrx_word' id='word_1_8' title='bbox 929 389 990 460; x_wconf 80' lang='lat' dir='ltr'>libri</span> <span class='ocrx_word' id='word_1_9' title='bbox 1001 399 1064 452; x_wconf 86' lang='lat' dir='ltr'><strong>cett.</strong></span> <span class='ocrx_word' id='word_1_10' title='bbox 1097 373 1175 458; x_wconf 74' lang='grc'><strong>227</strong></span> 
     </span>
    </p>
   </div>
   <div class='ocr_carea' id='block_1_2' title="bbox 238 535 966 760">
    <p class='ocr_par' dir='ltr' id='par_1_2' title="bbox 238 535 966 760">
     <span class='ocr_line' id='line_1_2' title="bbox 238 535 845 621; baseline 0.007 -20"><span class='ocrx_word' id='word_1_11' title='bbox 238 549 293 602; x_wconf 81' lang='lat' dir='ltr'><strong>lile</strong></span> <span class='ocrx_word' id='word_1_12' title='bbox 309 549 410 617; x_wconf 80' lang='lat' dir='ltr'><strong>quidem</strong></span> <span class='ocrx_word' id='word_1_13' title='bbox 426 550 529 607; x_wconf 74' lang='lat' dir='ltr'><strong>intereo</strong></span> <span class='ocrx_word' id='word_1_14' title='bbox 545 549 619 615; x_wconf 70' lang='lat' dir='ltr'><strong>fame</strong></span> <span class='ocrx_word' id='word_1_15' title='bbox 635 535 746 602; x_wconf 71' lang='lat' dir='ltr'><strong>latescit</strong></span> <span class='ocrx_word' id='word_1_16' title='bbox 761 553 845 621; x_wconf 78' lang='lat' dir='ltr'><strong>teoni,</strong></span> 
     </span>
     <span class='ocr_line' id='line_1_3' title="bbox 272 619 966 684; baseline 0.013 -16"><span class='ocrx_word' id='word_1_17' title='bbox 272 620 346 670; x_wconf 80' lang='lat' dir='ltr'><strong>Herc</strong></span> <span class='ocrx_word' id='word_1_18' title='bbox 363 626 411 670; x_wconf 81' lang='lat' dir='ltr'><strong>too</strong></span> <span class='ocrx_word' id='word_1_19' title='bbox 429 633 467 668; x_wconf 83' lang='lat' dir='ltr'><strong>ne</strong></span> <span class='ocrx_word' id='word_1_20' title='bbox 484 619 570 669; x_wconf 82' lang='lat' dir='ltr'><strong>uirtus</strong></span> <span class='ocrx_word' id='word_1_21' title='bbox 586 619 656 684; x_wconf 70' lang='lat' dir='ltr'><strong>fiat</strong></span> <span class='ocrx_word' id='word_1_22' title='bbox 675 635 770 672; x_wconf 84' lang='lat' dir='ltr'><strong>umora</strong></span> <span class='ocrx_word' id='word_1_23' title='bbox 788 619 853 677; x_wconf 74' lang='lat' dir='ltr'><strong>ulit:</strong></span> <span class='ocrx_word' id='word_1_24' title='bbox 965 675 966 682; x_wconf 72' lang='grc'>,</span> 
     </span>
     <span class='ocr_line' id='line_1_4' title="bbox 238 685 952 760; baseline 0.014 -22"><span class='ocrx_word' id='word_1_25' title='bbox 238 687 267 738; x_wconf 88' lang='lat' dir='ltr'><strong><em>N</em></strong></span> <span class='ocrx_word' id='word_1_26' title='bbox 273 701 326 738; x_wconf 88' lang='lat' dir='ltr'><strong>eve</strong></span> <span class='ocrx_word' id='word_1_27' title='bbox 343 693 391 738; x_wconf 83' lang='lat' dir='ltr'><strong>too</strong></span> <span class='ocrx_word' id='word_1_28' title='bbox 408 685 526 738; x_wconf 82' lang='lat' dir='ltr'><strong><em>Medae</em></strong></span> <span class='ocrx_word' id='word_1_29' title='bbox 544 687 721 739; x_wconf 75' lang='lat' dir='ltr'><strong>terrester</strong></span> <span class='ocrx_word' id='word_1_30' title='bbox 737 690 814 741; x_wconf 82' lang='lat' dir='ltr'><strong>ccede</strong></span> <span class='ocrx_word' id='word_1_31' title='bbox 829 693 952 760; x_wconf 75' lang='lat' dir='ltr'><strong>eoqiltoc.</strong></span> 
     </span>
    </p>
   </div>
   <div class='ocr_carea' id='block_1_3' title="bbox 95 798 1168 1909">
    <p class='ocr_par' dir='ltr' id='par_1_3' title="bbox 95 798 1168 1909">
     <span class='ocr_line' id='line_1_5' title="bbox 101 798 1167 895; baseline 0.015 -35"><span class='ocrx_word' id='word_1_32' title='bbox 101 798 166 876; x_wconf 77' lang='lat' dir='ltr'><strong>Quo</strong></span> <span class='ocrx_word' id='word_1_33' title='bbox 188 799 260 862; x_wconf 88' lang='lat' dir='ltr'><strong>illae</strong></span> <span class='ocrx_word' id='word_1_34' title='bbox 281 799 496 862; x_wconf 80' lang='lat' dir='ltr'><strong>sollicitudines</strong></span> <span class='ocrx_word' id='word_1_35' title='bbox 517 807 547 862; x_wconf 90' lang='lat' dir='ltr'><strong>et</strong></span> <span class='ocrx_word' id='word_1_36' title='bbox 567 799 699 873; x_wconf 74' lang='lat' dir='ltr'><strong>fictores,</strong></span> <span class='ocrx_word' id='word_1_37' title='bbox 719 818 778 880; x_wconf 90' lang='lat' dir='ltr'><strong>quc</strong></span> <span class='ocrx_word' id='word_1_38' title='bbox 797 800 852 864; x_wconf 84' lang='lat' dir='ltr'><strong>illc</strong></span> <span class='ocrx_word' id='word_1_39' title='bbox 872 806 925 886; x_wconf 83' lang='lat' dir='ltr'><strong>pie</strong></span> <span class='ocrx_word' id='word_1_40' title='bbox 942 814 1022 885; x_wconf 81' lang='lat' dir='ltr'><strong>note,</strong></span> <span class='ocrx_word' id='word_1_41' title='bbox 1043 810 1070 873; x_wconf 86' lang='lat' dir='ltr'><strong>si</strong></span> <span class='ocrx_word' id='word_1_42' title='bbox 1091 830 1167 895; x_wconf 83' lang='lat' dir='ltr'><strong>pax</strong></span> 
     </span>
     <span class='ocr_line' id='line_1_6' title="bbox 100 885 1167 966; baseline 0.016 -20"><span class='ocrx_word' id='word_1_43' title='bbox 100 886 159 946; x_wconf 86' lang='lat' dir='ltr'><strong>len</strong></span> <span class='ocrx_word' id='word_1_44' title='bbox 182 887 416 966; x_wconf 79' lang='lat' dir='ltr'><strong>conposite,</strong></span> <span class='ocrx_word' id='word_1_45' title='bbox 445 888 470 946; x_wconf 90' lang='lat' dir='ltr'><strong>sl</strong></span> <span class='ocrx_word' id='word_1_46' title='bbox 493 885 607 964; x_wconf 78' lang='lat' dir='ltr'><strong>signa</strong></span> <span class='ocrx_word' id='word_1_47' title='bbox 632 885 790 949; x_wconf 82' lang='lat' dir='ltr'><strong>reddita</strong></span> <span class='ocrx_word' id='word_1_48' title='bbox 811 892 916 954; x_wconf 75' lang='lat' dir='ltr'><strong>erant?</strong></span> <span class='ocrx_word' id='word_1_49' title='bbox 958 895 998 958; x_wconf 82' lang='lat' dir='ltr'><strong>At</strong></span> <span class='ocrx_word' id='word_1_50' title='bbox 1019 914 1077 960; x_wconf 90' lang='lat' dir='ltr'><strong>non</strong></span> <span class='ocrx_word' id='word_1_51' title='bbox 1098 917 1167 963; x_wconf 90' lang='lat' dir='ltr'><strong>sen·</strong></span> 
     </span>
     <span class='ocr_line' id='line_1_7' title="bbox 101 971 1168 1069; baseline 0.014 -37"><span class='ocrx_word' id='word_1_52' title='bbox 101 973 140 1033; x_wconf 84' lang='lat' dir='ltr'><strong>sit</strong></span> <span class='ocrx_word' id='word_1_53' title='bbox 161 972 219 1035; x_wconf 83' lang='lat' dir='ltr'><strong>istc</strong></span> <span class='ocrx_word' id='word_1_54' title='bbox 240 973 390 1050; x_wconf 78' lang='lat' dir='ltr'><strong>uulgatum</strong></span> <span class='ocrx_word' id='word_1_55' title='bbox 412 973 489 1033; x_wconf 88' lang='lat' dir='ltr'><strong>huuc</strong></span> <span class='ocrx_word' id='word_1_56' title='bbox 510 971 607 1051; x_wconf 84' lang='lat' dir='ltr'><strong>poetis</strong></span> <span class='ocrx_word' id='word_1_57' title='bbox 628 979 659 1032; x_wconf 90' lang='lat' dir='ltr'><strong>et</strong></span> <span class='ocrx_word' id='word_1_58' title='bbox 675 972 994 1058; x_wconf 82' lang='lat' dir='ltr'><strong>Propertioinprinris</strong></span> <span class='ocrx_word' id='word_1_59' title='bbox 1015 985 1168 1069; x_wconf 86' lang='lat' dir='ltr'><strong>participii</strong></span> 
     </span>
     <span class='ocr_line' id='line_1_8' title="bbox 97 1056 1166 1147; baseline 0.015 -29"><span class='ocrx_word' id='word_1_60' title='bbox 97 1075 198 1132; x_wconf 86' lang='lat' dir='ltr'><strong>usum,</strong></span> <span class='ocrx_word' id='word_1_61' title='bbox 221 1075 279 1138; x_wconf 90' lang='lat' dir='ltr'><strong>quc</strong></span> <span class='ocrx_word' id='word_1_62' title='bbox 302 1059 346 1120; x_wconf 88' lang='lat' dir='ltr'><strong>ite</strong></span> <span class='ocrx_word' id='word_1_63' title='bbox 367 1074 431 1118; x_wconf 87' lang='lat' dir='ltr'><strong>curn</strong></span> <span class='ocrx_word' id='word_1_64' title='bbox 452 1059 569 1120; x_wconf 86' lang='lat' dir='ltr'><strong>nominc</strong></span> <span class='ocrx_word' id='word_1_65' title='bbox 589 1056 689 1138; x_wconf 87' lang='lat' dir='ltr'><strong>eliqno</strong></span> <span class='ocrx_word' id='word_1_66' title='bbox 712 1059 891 1125; x_wconf 76' lang='lat' dir='ltr'><strong>susbstantiuc</strong></span> <span class='ocrx_word' id='word_1_67' title='bbox 911 1067 1114 1147; x_wconf 77' lang='lat' dir='ltr'><strong>coniungitur,</strong></span> <span class='ocrx_word' id='word_1_68' title='bbox 1133 1081 1166 1139; x_wconf 85' lang='lat' dir='ltr'><strong>ut</strong></span> 
     </span>
     <span class='ocr_line' id='line_1_9' title="bbox 99 1141 1166 1227; baseline 0.017 -23"><span class='ocrx_word' id='word_1_69' title='bbox 99 1159 157 1204; x_wconf 91' lang='lat' dir='ltr'><strong>non</strong></span> <span class='ocrx_word' id='word_1_70' title='bbox 179 1145 211 1204; x_wconf 92' lang='lat' dir='ltr'><strong>in</strong></span> <span class='ocrx_word' id='word_1_71' title='bbox 233 1143 366 1219; x_wconf 85' lang='lat' dir='ltr'><strong>nomine,</strong></span> <span class='ocrx_word' id='word_1_72' title='bbox 396 1141 448 1204; x_wconf 88' lang='lat' dir='ltr'><strong>sed</strong></span> <span class='ocrx_word' id='word_1_73' title='bbox 476 1143 507 1208; x_wconf 92' lang='lat' dir='ltr'><strong>iu</strong></span> <span class='ocrx_word' id='word_1_74' title='bbox 532 1143 618 1206; x_wconf 82' lang='lat' dir='ltr'><strong>uerbi</strong></span> <span class='ocrx_word' id='word_1_75' title='bbox 645 1143 761 1206; x_wconf 85' lang='lat' dir='ltr'><strong>actione</strong></span> <span class='ocrx_word' id='word_1_76' title='bbox 788 1149 912 1227; x_wconf 85' lang='lat' dir='ltr'><strong>proprie</strong></span> <span class='ocrx_word' id='word_1_77' title='bbox 936 1157 1099 1218; x_wconf 80' lang='lat' dir='ltr'><strong>sententiae</strong></span> <span class='ocrx_word' id='word_1_78' title='bbox 1120 1159 1166 1222; x_wconf 82' lang='lat' dir='ltr'><strong>uio</strong></span> 
     </span>
     <span class='ocr_line' id='line_1_10' title="bbox 100 1227 1167 1314; baseline 0.017 -23"><span class='ocrx_word' id='word_1_79' title='bbox 100 1229 180 1291; x_wconf 88' lang='lat' dir='ltr'><strong>insit.</strong></span> <span class='ocrx_word' id='word_1_80' title='bbox 232 1228 318 1306; x_wconf 86' lang='lat' dir='ltr'><strong>Quod</strong></span> <span class='ocrx_word' id='word_1_81' title='bbox 353 1227 472 1291; x_wconf 83' lang='lat' dir='ltr'><strong>dicendi</strong></span> <span class='ocrx_word' id='word_1_82' title='bbox 504 1245 597 1308; x_wconf 81' lang='lat' dir='ltr'><strong>genus</strong></span> <span class='ocrx_word' id='word_1_83' title='bbox 629 1238 785 1308; x_wconf 78' lang='lat' dir='ltr'><strong>cognptum</strong></span> <span class='ocrx_word' id='word_1_84' title='bbox 815 1232 878 1309; x_wconf 88' lang='lat' dir='ltr'><strong>illi,</strong></span> <span class='ocrx_word' id='word_1_85' title='bbox 912 1252 970 1314; x_wconf 92' lang='lat' dir='ltr'><strong>quo</strong></span> <span class='ocrx_word' id='word_1_86' title='bbox 998 1251 1167 1308; x_wconf 81' lang='lat' dir='ltr'><strong>concretum</strong></span> 
     </span>
     <span class='ocr_line' id='line_1_11' title="bbox 98 1313 1167 1401; baseline 0.014 -24"><span class='ocrx_word' id='word_1_87' title='bbox 98 1313 153 1395; x_wconf 85' lang='lat' dir='ltr'><strong>pro</strong></span> <span class='ocrx_word' id='word_1_88' title='bbox 181 1315 331 1377; x_wconf 81' lang='lat' dir='ltr'><strong>abstracto</strong></span> <span class='ocrx_word' id='word_1_89' title='bbox 357 1315 494 1395; x_wconf 80' lang='lat' dir='ltr'><strong>positure</strong></span> <span class='ocrx_word' id='word_1_90' title='bbox 512 1315 603 1394; x_wconf 82' lang='lat' dir='ltr'><strong>uulgo</strong></span> <span class='ocrx_word' id='word_1_91' title='bbox 626 1314 741 1390; x_wconf 88' lang='lat' dir='ltr'><strong>dicunt,</strong></span> <span class='ocrx_word' id='word_1_92' title='bbox 770 1334 834 1378; x_wconf 88' lang='lat' dir='ltr'><strong>cunr</strong></span> <span class='ocrx_word' id='word_1_93' title='bbox 862 1320 1067 1401; x_wconf 86' lang='lat' dir='ltr'><strong>inpraesenti</strong></span> <span class='ocrx_word' id='word_1_94' title='bbox 1093 1336 1167 1392; x_wconf 87' lang='lat' dir='ltr'><strong>teru-</strong></span> 
     </span>
     <span class='ocr_line' id='line_1_12' title="bbox 97 1400 1167 1481; baseline 0.015 -19"><span class='ocrx_word' id='word_1_95' title='bbox 97 1417 190 1480; x_wconf 89' lang='lat' dir='ltr'><strong>pore,</strong></span> <span class='ocrx_word' id='word_1_96' title='bbox 214 1409 243 1462; x_wconf 88' lang='lat' dir='ltr'><strong>et</strong></span> <span class='ocrx_word' id='word_1_97' title='bbox 264 1417 319 1476; x_wconf 88' lang='lat' dir='ltr'><strong>eo,</strong></span> <span class='ocrx_word' id='word_1_98' title='bbox 341 1400 421 1481; x_wconf 87' lang='lat' dir='ltr'><strong>quod</strong></span> <span class='ocrx_word' id='word_1_99' title='bbox 441 1400 556 1476; x_wconf 84' lang='lat' dir='ltr'><strong>dicunt,</strong></span> <span class='ocrx_word' id='word_1_100' title='bbox 583 1400 766 1479; x_wconf 81' lang='lat' dir='ltr'><strong>gerundivo,</strong></span> <span class='ocrx_word' id='word_1_101' title='bbox 794 1403 875 1468; x_wconf 86' lang='lat' dir='ltr'><strong>uelut</strong></span> <span class='ocrx_word' id='word_1_102' title='bbox 893 1412 1038 1480; x_wconf 71' lang='lat' dir='ltr'><strong>„occino</strong></span> <span class='ocrx_word' id='word_1_103' title='bbox 1062 1411 1167 1478; x_wconf 78' lang='lat' dir='ltr'><strong>uiten-</strong></span> 
     </span>
     <span class='ocr_line' id='line_1_13' title="bbox 98 1485 1166 1578; baseline 0.004 -30"><span class='ocrx_word' id='word_1_104' title='bbox 98 1486 155 1548; x_wconf 82' lang='lat' dir='ltr'><strong>lee</strong></span> <span class='ocrx_word' id='word_1_105' title='bbox 176 1489 300 1548; x_wconf 85' lang='lat' dir='ltr'><strong>terree“</strong></span> <span class='ocrx_word' id='word_1_106' title='bbox 332 1504 387 1566; x_wconf 90' lang='lat' dir='ltr'><strong>pro</strong></span> <span class='ocrx_word' id='word_1_107' title='bbox 410 1487 566 1548; x_wconf 84' lang='lat' dir='ltr'><strong>occasione</strong></span> <span class='ocrx_word' id='word_1_108' title='bbox 586 1485 745 1548; x_wconf 79' lang='lat' dir='ltr'><strong>uidendi</strong></span> <span class='ocrx_word' id='word_1_109' title='bbox 767 1495 876 1552; x_wconf 86' lang='lat' dir='ltr'><strong>terrem</strong></span> <span class='ocrx_word' id='word_1_110' title='bbox 899 1493 988 1560; x_wconf 79' lang='lat' dir='ltr'><strong>etiarn</strong></span> <span class='ocrx_word' id='word_1_111' title='bbox 1011 1499 1097 1578; x_wconf 78' lang='lat' dir='ltr'><strong>pueri</strong></span> <span class='ocrx_word' id='word_1_112' title='bbox 1117 1500 1166 1563; x_wconf 70' lang='lat' dir='ltr'><strong>fa.</strong></span> 
     </span>
     <span class='ocr_line' id='line_1_14' title="bbox 96 1570 1167 1664; baseline 0.011 -30"><span class='ocrx_word' id='word_1_113' title='bbox 96 1572 154 1634; x_wconf 85' lang='lat' dir='ltr'><strong>cile</strong></span> <span class='ocrx_word' id='word_1_114' title='bbox 177 1572 235 1634; x_wconf 88' lang='lat' dir='ltr'><strong>sint</strong></span> <span class='ocrx_word' id='word_1_115' title='bbox 261 1570 455 1652; x_wconf 82' lang='lat' dir='ltr'><strong>explicaturi,</strong></span> <span class='ocrx_word' id='word_1_116' title='bbox 483 1572 621 1653; x_wconf 84' lang='lat' dir='ltr'><strong>apoelis</strong></span> <span class='ocrx_word' id='word_1_117' title='bbox 641 1572 738 1656; x_wconf 18' lang='lat' dir='ltr'><strong>&#39;etiarn</strong></span> <span class='ocrx_word' id='word_1_118' title='bbox 761 1573 800 1636; x_wconf 86' lang='lat' dir='ltr'><strong>ed</strong></span> <span class='ocrx_word' id='word_1_119' title='bbox 826 1577 1013 1658; x_wconf 81' lang='lat' dir='ltr'><strong>perticipium</strong></span> <span class='ocrx_word' id='word_1_120' title='bbox 1039 1584 1167 1664; x_wconf 86' lang='lat' dir='ltr'><strong>perlecti</strong></span> 
     </span>
     <span class='ocr_line' id='line_1_15' title="bbox 96 1656 1166 1738; baseline 0.016 -18"><span class='ocrx_word' id='word_1_121' title='bbox 96 1657 207 1720; x_wconf 87' lang='lat' dir='ltr'><strong>relerri</strong></span> <span class='ocrx_word' id='word_1_122' title='bbox 234 1656 352 1738; x_wconf 82' lang='lat' dir='ltr'><strong>plurimi</strong></span> <span class='ocrx_word' id='word_1_123' title='bbox 381 1658 443 1720; x_wconf 87' lang='lat' dir='ltr'><strong>leci</strong></span> <span class='ocrx_word' id='word_1_124' title='bbox 466 1656 582 1722; x_wconf 82' lang='lat' dir='ltr'><strong>decent.</strong></span> <span class='ocrx_word' id='word_1_125' title='bbox 626 1657 768 1737; x_wconf 85' lang='lat' dir='ltr'><strong>Alioquin</strong></span> <span class='ocrx_word' id='word_1_126' title='bbox 790 1662 866 1724; x_wconf 87' lang='lat' dir='ltr'><strong>enim</strong></span> <span class='ocrx_word' id='word_1_127' title='bbox 886 1662 1035 1730; x_wconf 79' lang='lat' dir='ltr'><strong>Romanos</strong></span> <span class='ocrx_word' id='word_1_128' title='bbox 1054 1670 1166 1736; x_wconf 72' lang='lat' dir='ltr'><strong>cucur</strong></span> 
     </span>
     <span class='ocr_line' id='line_1_16' title="bbox 95 1742 1167 1840; baseline 0.012 -34"><span class='ocrx_word' id='word_1_129' title='bbox 95 1743 246 1824; x_wconf 85' lang='lat' dir='ltr'><strong>Propertii</strong></span> <span class='ocrx_word' id='word_1_130' title='bbox 267 1752 364 1806; x_wconf 88' lang='lat' dir='ltr'><strong>eetete</strong></span> <span class='ocrx_word' id='word_1_131' title='bbox 386 1743 501 1823; x_wconf 82' lang='lat' dir='ltr'><strong>cepisse</strong></span> <span class='ocrx_word' id='word_1_132' title='bbox 523 1742 746 1806; x_wconf 82' lang='lat' dir='ltr'><strong>existimandum</strong></span> <span class='ocrx_word' id='word_1_133' title='bbox 768 1757 862 1824; x_wconf 88' lang='lat' dir='ltr'><strong>esset,</strong></span> <span class='ocrx_word' id='word_1_134' title='bbox 889 1751 1027 1830; x_wconf 82' lang='lat' dir='ltr'><strong>quonism</strong></span> <span class='ocrx_word' id='word_1_135' title='bbox 1045 1753 1095 1821; x_wconf 84' lang='lat' dir='ltr'><strong>El.</strong></span> <span class='ocrx_word' id='word_1_136' title='bbox 1112 1757 1167 1840; x_wconf 80' lang='lat' dir='ltr'><strong>IV,</strong></span> 
     </span>
     <span class='ocr_line' id='line_1_17' title="bbox 96 1827 816 1909; baseline 0 -15"><span class='ocrx_word' id='word_1_137' title='bbox 96 1832 131 1908; x_wconf 76' lang='lat'><strong>³,</strong></span> <span class='ocrx_word' id='word_1_138' title='bbox 154 1832 207 1894; x_wconf 81' lang='lat'><strong>63.</strong></span> <span class='ocrx_word' id='word_1_139' title='bbox 231 1828 379 1892; x_wconf 85' lang='lat' dir='ltr'><strong>simillimo</strong></span> <span class='ocrx_word' id='word_1_140' title='bbox 401 1830 496 1892; x_wconf 85' lang='lat' dir='ltr'><strong>uestri</strong></span> <span class='ocrx_word' id='word_1_141' title='bbox 517 1827 577 1890; x_wconf 90' lang='lat' dir='ltr'><strong>loci</strong></span> <span class='ocrx_word' id='word_1_142' title='bbox 598 1829 687 1893; x_wconf 85' lang='lat' dir='ltr'><strong>unedo</strong></span> <span class='ocrx_word' id='word_1_143' title='bbox 709 1841 816 1909; x_wconf 76' lang='lat' dir='ltr'><strong>roget:</strong></span> 
     </span>
    </p>
   </div>
   <div class='ocr_carea' id='block_1_4' title="bbox 193 1952 1007 2020">
    <p class='ocr_par' dir='ltr' id='par_1_4' title="bbox 193 1952 1007 2020">
     <span class='ocr_line' id='line_1_18' title="bbox 193 1952 1007 2020; baseline 0.011 -17"><span class='ocrx_word' id='word_1_144' title='bbox 193 1987 195 1993; x_wconf 84' lang='lat'>·</span> <span class='ocrx_word' id='word_1_145' title='bbox 231 1952 274 2008; x_wconf 86' lang='lat' dir='ltr'><strong>Ne</strong></span> <span class='ocrx_word' id='word_1_146' title='bbox 291 1967 385 2020; x_wconf 85' lang='lat' dir='ltr'><strong>precor</strong></span> <span class='ocrx_word' id='word_1_147' title='bbox 403 1953 562 2005; x_wconf 77' lang='lat' dir='ltr'><strong>oscensis</strong></span> <span class='ocrx_word' id='word_1_148' title='bbox 580 1954 648 2004; x_wconf 81' lang='lat' dir='ltr'><strong>tanti</strong></span> <span class='ocrx_word' id='word_1_149' title='bbox 664 1953 701 2005; x_wconf 85' lang='lat' dir='ltr'><strong>sit</strong></span> <span class='ocrx_word' id='word_1_150' title='bbox 716 1953 833 2020; x_wconf 73' lang='lat' dir='ltr'><strong>plocio</strong></span> <span class='ocrx_word' id='word_1_151' title='bbox 849 1955 1007 2013; x_wconf 76' lang='lat' dir='ltr'><strong>Bactris.</strong></span> 
     </span>
    </p>
   </div>
   <div class='ocr_carea' id='block_1_5' title="bbox 92 2063 1167 2388">
    <p class='ocr_par' dir='ltr' id='par_1_5' title="bbox 96 2063 911 2152">
     <span class='ocr_line' id='line_1_19' title="bbox 96 2063 911 2152; baseline 0.002 -21"><span class='ocrx_word' id='word_1_152' title='bbox 96 2066 159 2131; x_wconf 82' lang='lat' dir='ltr'><strong>Sed</strong></span> <span class='ocrx_word' id='word_1_153' title='bbox 184 2065 224 2128; x_wconf 89' lang='lat' dir='ltr'><strong>cl.</strong></span> <span class='ocrx_word' id='word_1_154' title='bbox 246 2066 382 2145; x_wconf 78' lang='lat' dir='ltr'><strong>Quaestt.</strong></span> <span class='ocrx_word' id='word_1_155' title='bbox 404 2066 441 2128; x_wconf 86' lang='lat' dir='ltr'><strong>L.</strong></span> <span class='ocrx_word' id='word_1_156' title='bbox 461 2064 486 2129; x_wconf 93' lang='lat'><strong>1.</strong></span> <span class='ocrx_word' id='word_1_157' title='bbox 509 2066 581 2147; x_wconf 80' lang='lat' dir='ltr'><strong>Gap.</strong></span> <span class='ocrx_word' id='word_1_158' title='bbox 599 2063 650 2130; x_wconf 88' lang='lat' dir='ltr'><strong>Vl.</strong></span> <span class='ocrx_word' id='word_1_159' title='bbox 671 2065 752 2130; x_wconf 89' lang='lat' dir='ltr'><strong>Sect.</strong></span> <span class='ocrx_word' id='word_1_160' title='bbox 773 2067 812 2130; x_wconf 87' lang='lat'><strong>11.</strong></span> <span class='ocrx_word' id='word_1_161' title='bbox 833 2067 860 2152; x_wconf 64' lang='grc' dir='ltr'><strong>ᾗ.</strong></span> <span class='ocrx_word' id='word_1_162' title='bbox 880 2072 911 2134; x_wconf 85' lang='grc'><strong>8.</strong></span> 
     </span>
    </p>

    <p class='ocr_par' dir='ltr' id='par_1_6' title="bbox 92 2151 1167 2388">
     <span class='ocr_line' id='line_1_20' title="bbox 195 2151 1166 2240; baseline 0.008 -25"><span class='ocrx_word' id='word_1_163' title='bbox 195 2152 258 2215; x_wconf 87' lang='lat' dir='ltr'><strong>lam</strong></span> <span class='ocrx_word' id='word_1_164' title='bbox 277 2171 349 2214; x_wconf 82' lang='lat' dir='ltr'><strong>uero</strong></span> <span class='ocrx_word' id='word_1_165' title='bbox 368 2154 425 2214; x_wconf 77' lang='lat' dir='ltr'><strong>truc</strong></span> <span class='ocrx_word' id='word_1_166' title='bbox 443 2151 526 2229; x_wconf 78' lang='lat' dir='ltr'><strong>ecles,</strong></span> <span class='ocrx_word' id='word_1_167' title='bbox 544 2161 576 2214; x_wconf 92' lang='lat' dir='ltr'><strong>ut</strong></span> <span class='ocrx_word' id='word_1_168' title='bbox 598 2151 749 2214; x_wconf 83' lang='lat' dir='ltr'><strong>lolleciem</strong></span> <span class='ocrx_word' id='word_1_169' title='bbox 770 2154 896 2230; x_wconf 79' lang='lat' dir='ltr'><strong>hominis</strong></span> <span class='ocrx_word' id='word_1_170' title='bbox 916 2155 1033 2238; x_wconf 85' lang='lat' dir='ltr'><strong>penitus</strong></span> <span class='ocrx_word' id='word_1_171' title='bbox 1052 2175 1166 2240; x_wconf 78' lang='lat' dir='ltr'><strong>cogno·</strong></span> 
     </span>
     <span class='ocr_line' id='line_1_21' title="bbox 94 2238 1167 2326; baseline 0.008 -24"><span class='ocrx_word' id='word_1_172' title='bbox 94 2255 172 2302; x_wconf 82' lang='lat' dir='ltr'><strong>scus.</strong></span> <span class='ocrx_word' id='word_1_173' title='bbox 223 2239 354 2313; x_wconf 85' lang='lat' dir='ltr'><strong>Etenim,</strong></span> <span class='ocrx_word' id='word_1_174' title='bbox 389 2247 422 2300; x_wconf 90' lang='lat' dir='ltr'><strong>ut</strong></span> <span class='ocrx_word' id='word_1_175' title='bbox 449 2255 532 2299; x_wconf 86' lang='lat' dir='ltr'><strong>suern</strong></span> <span class='ocrx_word' id='word_1_176' title='bbox 559 2238 680 2301; x_wconf 89' lang='lat' dir='ltr'><strong>lulcinet</strong></span> <span class='ocrx_word' id='word_1_177' title='bbox 709 2241 899 2321; x_wconf 80' lang='lat' dir='ltr'><strong>sententian,</strong></span> <span class='ocrx_word' id='word_1_178' title='bbox 933 2243 1009 2306; x_wconf 84' lang='lat' dir='ltr'><strong>huuc</strong></span> <span class='ocrx_word' id='word_1_179' title='bbox 1041 2246 1167 2326; x_wconf 85' lang='lat' dir='ltr'><strong>protulit</strong></span> 
     </span>
     <span class='ocr_line' id='line_1_22' title="bbox 92 2324 423 2388; baseline -0.009 1"><span class='ocrx_word' id='word_1_180' title='bbox 92 2324 165 2388; x_wconf 81' lang='lat' dir='ltr'><strong>libri</strong></span> <span class='ocrx_word' id='word_1_181' title='bbox 186 2325 269 2388; x_wconf 88' lang='lat' dir='ltr'><strong>tertii</strong></span> <span class='ocrx_word' id='word_1_182' title='bbox 291 2341 423 2387; x_wconf 86' lang='lat' dir='ltr'><strong>uersum:</strong></span> 
     </span>
    </p>
   </div>
   <div class='ocr_carea' id='block_1_6' title="bbox 230 2441 999 2524">
    <p class='ocr_par' dir='ltr' id='par_1_7' title="bbox 230 2441 999 2524">
     <span class='ocr_line' id='line_1_23' title="bbox 230 2441 999 2524; baseline 0.005 -31"><span class='ocrx_word' id='word_1_183' title='bbox 230 2441 441 2495; x_wconf 75' lang='lat' dir='ltr'><strong>Porciorum</strong></span> <span class='ocrx_word' id='word_1_184' title='bbox 459 2446 564 2494; x_wconf 80' lang='lat' dir='ltr'><strong>artolae</strong></span> <span class='ocrx_word' id='word_1_185' title='bbox 580 2442 685 2508; x_wconf 74' lang='lat' dir='ltr'><strong>siquo</strong></span> <span class='ocrx_word' id='word_1_186' title='bbox 702 2444 852 2497; x_wconf 76' lang='lat' dir='ltr'><strong>remisso</strong></span> <span class='ocrx_word' id='word_1_187' title='bbox 870 2444 947 2510; x_wconf 75' lang='lat' dir='ltr'><strong>sopor</strong></span> <span class='ocrx_word' id='word_1_188' title='bbox 963 2471 999 2524; x_wconf 73' lang='grc' dir='ltr'><strong>ι·-Ι</strong></span> 
     </span>
    </p>
   </div>
   <div class='ocr_carea' id='block_1_7' title="bbox 92 2554 1165 2894">
    <p class='ocr_par' dir='ltr' id='par_1_8' title="bbox 92 2554 1165 2894">
     <span class='ocr_line' id='line_1_24' title="bbox 93 2554 1164 2648; baseline 0.006 -29"><span class='ocrx_word' id='word_1_189' title='bbox 93 2573 179 2639; x_wconf 89' lang='lat' dir='ltr'><strong>quern</strong></span> <span class='ocrx_word' id='word_1_190' title='bbox 208 2563 240 2618; x_wconf 91' lang='lat' dir='ltr'><strong>tu</strong></span> <span class='ocrx_word' id='word_1_191' title='bbox 265 2573 362 2635; x_wconf 93' lang='lat' dir='ltr'><strong>neque</strong></span> <span class='ocrx_word' id='word_1_192' title='bbox 384 2571 421 2617; x_wconf 91' lang='lat' dir='ltr'><strong>eo</strong></span> <span class='ocrx_word' id='word_1_193' title='bbox 447 2554 530 2631; x_wconf 91' lang='lat' dir='ltr'><strong>loco,</strong></span> <span class='ocrx_word' id='word_1_194' title='bbox 559 2555 609 2636; x_wconf 92' lang='lat' dir='ltr'><strong>qui</strong></span> <span class='ocrx_word' id='word_1_195' title='bbox 640 2555 678 2616; x_wconf 84' lang='lat' dir='ltr'><strong>eb</strong></span> <span class='ocrx_word' id='word_1_196' title='bbox 704 2557 762 2618; x_wconf 88' lang='lat' dir='ltr'><strong>isto</strong></span> <span class='ocrx_word' id='word_1_197' title='bbox 784 2556 892 2619; x_wconf 80' lang='lat' dir='ltr'><strong>citetur</strong></span> <span class='ocrx_word' id='word_1_198' title='bbox 912 2556 984 2635; x_wconf 88' lang='grc'><strong>(111,</strong></span> <span class='ocrx_word' id='word_1_199' title='bbox 1007 2563 1065 2639; x_wconf 80' lang='grc'><strong>18,</strong></span> <span class='ocrx_word' id='word_1_200' title='bbox 1086 2563 1164 2648; x_wconf 65' lang='grc'><strong>51),</strong></span> 
     </span>
     <span class='ocr_line' id='line_1_25' title="bbox 92 2639 1164 2722; baseline 0.008 -18"><span class='ocrx_word' id='word_1_201' title='bbox 92 2658 189 2722; x_wconf 89' lang='lat' dir='ltr'><strong>neque</strong></span> <span class='ocrx_word' id='word_1_202' title='bbox 210 2639 273 2703; x_wconf 84' lang='lat' dir='ltr'><strong>uile</strong></span> <span class='ocrx_word' id='word_1_203' title='bbox 297 2643 358 2703; x_wconf 87' lang='lat' dir='ltr'><strong>elio</strong></span> <span class='ocrx_word' id='word_1_204' title='bbox 380 2642 524 2704; x_wconf 85' lang='lat' dir='ltr'><strong>inuenies.</strong></span> <span class='ocrx_word' id='word_1_205' title='bbox 568 2640 680 2703; x_wconf 82' lang='lat' dir='ltr'><strong>Gcntre</strong></span> <span class='ocrx_word' id='word_1_206' title='bbox 699 2641 746 2703; x_wconf 87' lang='lat' dir='ltr'><strong>El.</strong></span> <span class='ocrx_word' id='word_1_207' title='bbox 768 2641 827 2717; x_wconf 81' lang='lat'>111,</span> <span class='ocrx_word' id='word_1_208' title='bbox 848 2647 878 2717; x_wconf 83' lang='lat'><strong>9,</strong></span> <span class='ocrx_word' id='word_1_209' title='bbox 899 2647 951 2706; x_wconf 78' lang='grc'><strong>54.</strong></span> <span class='ocrx_word' id='word_1_210' title='bbox 974 2647 1005 2706; x_wconf 86' lang='lat' dir='ltr'><strong>in</strong></span> <span class='ocrx_word' id='word_1_211' title='bbox 1028 2651 1164 2714; x_wconf 79' lang='lat' dir='ltr'><strong>omnibus</strong></span> 
     </span>
     <span class='ocr_line' id='line_1_26' title="bbox 92 2727 1165 2820; baseline 0.007 -29"><span class='ocrx_word' id='word_1_212' title='bbox 92 2728 179 2791; x_wconf 89' lang='lat' dir='ltr'><strong>libris</strong></span> <span class='ocrx_word' id='word_1_213' title='bbox 206 2737 236 2791; x_wconf 92' lang='lat' dir='ltr'><strong>et</strong></span> <span class='ocrx_word' id='word_1_214' title='bbox 256 2727 374 2808; x_wconf 86' lang='lat' dir='ltr'><strong>scriptis</strong></span> <span class='ocrx_word' id='word_1_215' title='bbox 398 2735 428 2789; x_wconf 89' lang='lat' dir='ltr'><strong>et</strong></span> <span class='ocrx_word' id='word_1_216' title='bbox 447 2727 600 2807; x_wconf 86' lang='lat' dir='ltr'><strong>inpressis</strong></span> <span class='ocrx_word' id='word_1_217' title='bbox 623 2728 697 2790; x_wconf 81' lang='lat' dir='ltr'><strong>ltere</strong></span> <span class='ocrx_word' id='word_1_218' title='bbox 718 2728 831 2802; x_wconf 83' lang='lat' dir='ltr'><strong>insunt,</strong></span> <span class='ocrx_word' id='word_1_219' title='bbox 858 2745 953 2808; x_wconf 85' lang='lat' dir='ltr'><strong>neque</strong></span> <span class='ocrx_word' id='word_1_220' title='bbox 974 2732 1043 2811; x_wconf 88' lang='lat' dir='ltr'><strong>illa,</strong></span> <span class='ocrx_word' id='word_1_221' title='bbox 1072 2753 1165 2820; x_wconf 86' lang='lat' dir='ltr'><strong>quen·</strong></span> 
     </span>
     <span class='ocr_line' id='line_1_27' title="bbox 92 2811 994 2894; baseline 0.003 -17"><span class='ocrx_word' id='word_1_222' title='bbox 92 2824 154 2877; x_wconf 88' lang='lat' dir='ltr'><strong>tum</strong></span> <span class='ocrx_word' id='word_1_223' title='bbox 175 2814 267 2876; x_wconf 79' lang='lat' dir='ltr'><strong>scien</strong></span> <span class='ocrx_word' id='word_1_224' title='bbox 288 2831 382 2894; x_wconf 90' lang='lat' dir='ltr'><strong>usque</strong></span> <span class='ocrx_word' id='word_1_225' title='bbox 404 2811 499 2875; x_wconf 82' lang='lat' dir='ltr'><strong>adhuc</strong></span> <span class='ocrx_word' id='word_1_226' title='bbox 522 2813 560 2874; x_wconf 84' lang='lat' dir='ltr'><strong>uh</strong></span> <span class='ocrx_word' id='word_1_227' title='bbox 582 2813 645 2876; x_wconf 87' lang='lat' dir='ltr'><strong>ulle</strong></span> <span class='ocrx_word' id='word_1_228' title='bbox 667 2814 732 2878; x_wconf 79' lang='lat' dir='ltr'><strong>tiro</strong></span> <span class='ocrx_word' id='word_1_229' title='bbox 756 2813 844 2876; x_wconf 84' lang='lat' dir='ltr'><strong>docto</strong></span> <span class='ocrx_word' id='word_1_230' title='bbox 865 2823 994 2880; x_wconf 78' lang='lat' dir='ltr'><strong>tentate:</strong></span> 
     </span>
    </p>
   </div>
   <div class='ocr_carea' id='block_1_8' title="bbox 136 2921 882 3007">
    <p class='ocr_par' dir='ltr' id='par_1_9' title="bbox 136 2921 882 3007">
     <span class='ocr_line' id='line_1_28' title="bbox 136 2921 882 3007; baseline 0.003 -17"><span class='ocrx_word' id='word_1_231' title='bbox 136 2949 139 2970; x_wconf 77' lang='lat'><strong>¹</strong></span> <span class='ocrx_word' id='word_1_232' title='bbox 230 2939 388 2992; x_wconf 76' lang='lat' dir='ltr'><strong>Parthorum</strong></span> <span class='ocrx_word' id='word_1_233' title='bbox 406 2945 513 2992; x_wconf 80' lang='lat' dir='ltr'><strong>astutae</strong></span> <span class='ocrx_word' id='word_1_234' title='bbox 530 2940 607 2993; x_wconf 80' lang='lat' dir='ltr'><strong>teia</strong></span> <span class='ocrx_word' id='word_1_235' title='bbox 623 2941 736 2992; x_wconf 78' lang='lat' dir='ltr'><strong>centissa</strong></span> <span class='ocrx_word' id='word_1_236' title='bbox 752 2921 830 3007; x_wconf 67' lang='lat' dir='ltr'><strong>sapae</strong></span> <span class='ocrx_word' id='word_1_237' title='bbox 846 2967 882 2978; x_wconf 89' lang='lat'><em>-</em></span> 
     </span>
    </p>
   </div>
   <div class='ocr_carea' id='block_1_9' title="bbox 92 3052 1179 4164">
    <p class='ocr_par' dir='ltr' id='par_1_10' title="bbox 92 3052 1179 4164">
     <span class='ocr_line' id='line_1_29' title="bbox 93 3052 1166 3136; baseline 0.004 -19"><span class='ocrx_word' id='word_1_238' title='bbox 93 3053 146 3117; x_wconf 88' lang='lat' dir='ltr'><strong>nbi</strong></span> <span class='ocrx_word' id='word_1_239' title='bbox 178 3063 262 3116; x_wconf 86' lang='lat' dir='ltr'><strong>recte</strong></span> <span class='ocrx_word' id='word_1_240' title='bbox 291 3052 477 3116; x_wconf 83' lang='lat' dir='ltr'><strong>Passeratius</strong></span> <span class='ocrx_word' id='word_1_241' title='bbox 486 3099 495 3130; x_wconf 92' lang='lat'><strong><em>,</em></strong></span> <span class='ocrx_word' id='word_1_242' title='bbox 532 3071 618 3134; x_wconf 87' lang='lat' dir='ltr'><strong>quem</strong></span> <span class='ocrx_word' id='word_1_243' title='bbox 648 3053 792 3132; x_wconf 81' lang='lat' dir='ltr'><strong>religiose</strong></span> <span class='ocrx_word' id='word_1_244' title='bbox 824 3069 906 3115; x_wconf 85' lang='lat' dir='ltr'><strong>nrore</strong></span> <span class='ocrx_word' id='word_1_245' title='bbox 939 3069 993 3115; x_wconf 85' lang='lat' dir='ltr'><strong>sno</strong></span> <span class='ocrx_word' id='word_1_246' title='bbox 1028 3055 1166 3136; x_wconf 82' lang='lat' dir='ltr'><strong>exprimit</strong></span> 
     </span>
     <span class='ocr_line' id='line_1_30' title="bbox 92 3139 1179 3221; baseline 0.001 -17"><span class='ocrx_word' id='word_1_247' title='bbox 92 3140 285 3204; x_wconf 86' lang='lat' dir='ltr'><strong>Koincellus:</strong></span> <span class='ocrx_word' id='word_1_248' title='bbox 315 3139 420 3215; x_wconf 83' lang='lat' dir='ltr'><strong>„tels</strong></span> <span class='ocrx_word' id='word_1_249' title='bbox 442 3140 628 3216; x_wconf 85' lang='lat' dir='ltr'><strong>renuisse,</strong></span> <span class='ocrx_word' id='word_1_250' title='bbox 655 3157 732 3221; x_wconf 87' lang='lat' dir='ltr'><strong>quae</strong></span> <span class='ocrx_word' id='word_1_251' title='bbox 754 3155 812 3202; x_wconf 89' lang='lat' dir='ltr'><strong>nou</strong></span> <span class='ocrx_word' id='word_1_252' title='bbox 835 3139 960 3221; x_wconf 85' lang='lat' dir='ltr'><strong>emplius</strong></span> <span class='ocrx_word' id='word_1_253' title='bbox 983 3141 1179 3204; x_wconf 64' lang='lat' dir='ltr'><strong>conentur-¹</strong></span> 
     </span>
     <span class='ocr_line' id='line_1_31' title="bbox 92 3223 1163 3306; baseline 0.001 -17"><span class='ocrx_word' id='word_1_254' title='bbox 92 3236 142 3289; x_wconf 88' lang='lat' dir='ltr'><strong>tur</strong></span> <span class='ocrx_word' id='word_1_255' title='bbox 165 3236 196 3290; x_wconf 88' lang='lat' dir='ltr'><strong>et</strong></span> <span class='ocrx_word' id='word_1_256' title='bbox 218 3225 403 3306; x_wconf 83' lang='lat' dir='ltr'><strong>diriguntur,</strong></span> <span class='ocrx_word' id='word_1_257' title='bbox 430 3223 492 3288; x_wconf 86' lang='lat' dir='ltr'><strong>tela</strong></span> <span class='ocrx_word' id='word_1_258' title='bbox 520 3227 641 3305; x_wconf 84' lang='lat' dir='ltr'><strong>lugeo</strong></span> <span class='ocrx_word' id='word_1_259' title='bbox 660 3227 902 3301; x_wconf 80' lang='lat' dir='ltr'><strong>Parthorum,</strong></span> <span class='ocrx_word' id='word_1_260' title='bbox 929 3223 962 3284; x_wconf 85' lang='lat' dir='ltr'><strong>id</strong></span> <span class='ocrx_word' id='word_1_261' title='bbox 991 3236 1036 3290; x_wconf 87' lang='lat' dir='ltr'><strong>est</strong></span> <span class='ocrx_word' id='word_1_262' title='bbox 1062 3245 1163 3290; x_wconf 85' lang='lat' dir='ltr'><strong>eorum</strong></span> 
     </span>
     <span class='ocr_line' id='line_1_32' title="bbox 93 3310 1163 3392; baseline 0.002 -18"><span class='ocrx_word' id='word_1_263' title='bbox 93 3312 301 3392; x_wconf 80' lang='lat' dir='ltr'><strong>fugientium.“</strong></span> <span class='ocrx_word' id='word_1_264' title='bbox 346 3310 392 3373; x_wconf 79' lang='lat' dir='ltr'><strong>ct.</strong></span> <span class='ocrx_word' id='word_1_265' title='bbox 412 3318 585 3391; x_wconf 83' lang='lat' dir='ltr'><strong>praeterea,</strong></span> <span class='ocrx_word' id='word_1_266' title='bbox 614 3312 748 3392; x_wconf 78' lang='lat' dir='ltr'><strong>quaein</strong></span> <span class='ocrx_word' id='word_1_267' title='bbox 774 3311 1021 3391; x_wconf 84' lang='lat' dir='ltr'><strong>interpretatione</strong></span> <span class='ocrx_word' id='word_1_268' title='bbox 1041 3312 1163 3376; x_wconf 86' lang='lat' dir='ltr'><strong>Germa-</strong></span> 
     </span>
     <span class='ocr_line' id='line_1_33' title="bbox 94 3395 1164 3480; baseline 0.002 -20"><span class='ocrx_word' id='word_1_269' title='bbox 94 3399 162 3460; x_wconf 85' lang='lat' dir='ltr'><strong>nica</strong></span> <span class='ocrx_word' id='word_1_270' title='bbox 183 3397 221 3458; x_wconf 87' lang='lat' dir='ltr'><strong>ed</strong></span> <span class='ocrx_word' id='word_1_271' title='bbox 242 3415 267 3459; x_wconf 90' lang='lat' dir='ltr'><strong>e.</strong></span> <span class='ocrx_word' id='word_1_272' title='bbox 286 3395 307 3458; x_wconf 90' lang='lat' dir='ltr'><strong>l.</strong></span> <span class='ocrx_word' id='word_1_273' title='bbox 327 3397 541 3460; x_wconf 77' lang='lat' dir='ltr'><strong>adnotavimus.</strong></span> <span class='ocrx_word' id='word_1_274' title='bbox 585 3395 662 3460; x_wconf 87' lang='lat' dir='ltr'><strong>Sunt</strong></span> <span class='ocrx_word' id='word_1_275' title='bbox 681 3406 778 3458; x_wconf 84' lang='lat' dir='ltr'><strong>eutem</strong></span> <span class='ocrx_word' id='word_1_276' title='bbox 797 3398 828 3458; x_wconf 91' lang='lat' dir='ltr'><strong>hi</strong></span> <span class='ocrx_word' id='word_1_277' title='bbox 849 3414 1086 3477; x_wconf 75' lang='lat' dir='ltr'><strong>quoqueversus</strong></span> <span class='ocrx_word' id='word_1_278' title='bbox 1108 3418 1164 3480; x_wconf 77' lang='lat' dir='ltr'><strong>ge-</strong></span> 
     </span>
     <span class='ocr_line' id='line_1_34' title="bbox 93 3481 1163 3563; baseline 0.003 -18"><span class='ocrx_word' id='word_1_279' title='bbox 93 3482 239 3546; x_wconf 88' lang='lat' dir='ltr'><strong>neraliter</strong></span> <span class='ocrx_word' id='word_1_280' title='bbox 266 3481 305 3544; x_wconf 85' lang='lat' dir='ltr'><strong>ad</strong></span> <span class='ocrx_word' id='word_1_281' title='bbox 334 3483 446 3544; x_wconf 85' lang='lat' dir='ltr'><strong>lnectes</strong></span> <span class='ocrx_word' id='word_1_282' title='bbox 470 3491 507 3545; x_wconf 85' lang='lat' dir='ltr'><strong>et</strong></span> <span class='ocrx_word' id='word_1_283' title='bbox 535 3481 666 3546; x_wconf 85' lang='lat' dir='ltr'><strong>deiectas</strong></span> <span class='ocrx_word' id='word_1_284' title='bbox 693 3481 871 3544; x_wconf 80' lang='lat' dir='ltr'><strong>Parthorum</strong></span> <span class='ocrx_word' id='word_1_285' title='bbox 896 3482 974 3545; x_wconf 81' lang='lat' dir='ltr'><strong>uires</strong></span> <span class='ocrx_word' id='word_1_286' title='bbox 1003 3483 1163 3563; x_wconf 85' lang='lat' dir='ltr'><strong>referendi,</strong></span> 
     </span>
     <span class='ocr_line' id='line_1_35' title="bbox 95 3567 1164 3650; baseline 0.004 -20"><span class='ocrx_word' id='word_1_287' title='bbox 95 3571 145 3650; x_wconf 89' lang='lat' dir='ltr'><strong>qui</strong></span> <span class='ocrx_word' id='word_1_288' title='bbox 173 3570 232 3630; x_wconf 83' lang='lat' dir='ltr'><strong>ium</strong></span> <span class='ocrx_word' id='word_1_289' title='bbox 265 3586 303 3630; x_wconf 87' lang='lat' dir='ltr'><strong>ex</strong></span> <span class='ocrx_word' id='word_1_290' title='bbox 329 3567 465 3632; x_wconf 87' lang='lat' dir='ltr'><strong>Ventidii-</strong></span> <span class='ocrx_word' id='word_1_291' title='bbox 494 3577 627 3649; x_wconf 83' lang='lat' dir='ltr'><strong>tempore</strong></span> <span class='ocrx_word' id='word_1_292' title='bbox 656 3569 805 3633; x_wconf 85' lang='lat' dir='ltr'><strong>Romanos</strong></span> <span class='ocrx_word' id='word_1_293' title='bbox 832 3567 982 3630; x_wconf 86' lang='lat' dir='ltr'><strong>lacessere</strong></span> <span class='ocrx_word' id='word_1_294' title='bbox 1008 3586 1069 3632; x_wconf 88' lang='lat' dir='ltr'><strong>nen</strong></span> <span class='ocrx_word' id='word_1_295' title='bbox 1097 3573 1164 3634; x_wconf 82' lang='lat' dir='ltr'><strong>ausi</strong></span> 
     </span>
     <span class='ocr_line' id='line_1_36' title="bbox 92 3652 1164 3736; baseline 0.003 -19"><span class='ocrx_word' id='word_1_296' title='bbox 92 3656 212 3718; x_wconf 87' lang='lat' dir='ltr'><strong>luerint.</strong></span> <span class='ocrx_word' id='word_1_297' title='bbox 257 3653 304 3717; x_wconf 85' lang='lat' dir='ltr'><strong>Gl.</strong></span> <span class='ocrx_word' id='word_1_298' title='bbox 328 3652 401 3734; x_wconf 83' lang='lat' dir='ltr'><strong>Gap.</strong></span> <span class='ocrx_word' id='word_1_299' title='bbox 421 3652 460 3716; x_wconf 92' lang='lat'><strong>11.</strong></span> <span class='ocrx_word' id='word_1_300' title='bbox 505 3654 605 3731; x_wconf 86' lang='lat' dir='ltr'><strong>Quare</strong></span> <span class='ocrx_word' id='word_1_301' title='bbox 627 3654 702 3717; x_wconf 79' lang='lat' dir='ltr'><strong>nihil</strong></span> <span class='ocrx_word' id='word_1_302' title='bbox 724 3653 848 3736; x_wconf 87' lang='lat' dir='ltr'><strong>ernplius</strong></span> <span class='ocrx_word' id='word_1_303' title='bbox 872 3655 984 3728; x_wconf 86' lang='lat' dir='ltr'><strong>obstet,</strong></span> <span class='ocrx_word' id='word_1_304' title='bbox 1007 3656 1077 3734; x_wconf 92' lang='lat' dir='ltr'><strong>quin</strong></span> <span class='ocrx_word' id='word_1_305' title='bbox 1099 3673 1164 3720; x_wconf 87' lang='lat' dir='ltr'><strong>curn</strong></span> 
     </span>
     <span class='ocr_line' id='line_1_37' title="bbox 93 3738 1163 3824; baseline 0.004 -21"><span class='ocrx_word' id='word_1_306' title='bbox 93 3741 219 3804; x_wconf 84' lang='lat' dir='ltr'><strong>Berllnic</strong></span> <span class='ocrx_word' id='word_1_307' title='bbox 233 3739 502 3824; x_wconf 79' lang='lat' dir='ltr'><strong>(Praelccticnibns</strong></span> <span class='ocrx_word' id='word_1_308' title='bbox 517 3738 554 3801; x_wconf 90' lang='lat' dir='ltr'><strong>de</strong></span> <span class='ocrx_word' id='word_1_309' title='bbox 569 3740 743 3821; x_wconf 81' lang='lat' dir='ltr'><strong>quibusdem</strong></span> <span class='ocrx_word' id='word_1_310' title='bbox 754 3740 905 3820; x_wconf 86' lang='lat' dir='ltr'><strong>Propertii</strong></span> <span class='ocrx_word' id='word_1_311' title='bbox 922 3739 1036 3818; x_wconf 83' lang='lat' dir='ltr'><strong>elegiis.</strong></span> <span class='ocrx_word' id='word_1_312' title='bbox 1055 3740 1163 3808; x_wconf 76' lang='lat' dir='ltr'><strong>Drosoi.</strong></span> 
     </span>
     <span class='ocr_line' id='line_1_38' title="bbox 94 3823 1163 3907; baseline 0.001 -17"><span class='ocrx_word' id='word_1_313' title='bbox 94 3828 189 3890; x_wconf 98' lang='grc'><strong>1775.</strong></span> <span class='ocrx_word' id='word_1_314' title='bbox 213 3827 243 3889; x_wconf 86' lang='grc'><strong>8.</strong></span> <span class='ocrx_word' id='word_1_315' title='bbox 266 3824 344 3903; x_wconf 87' lang='lat' dir='ltr'><strong>init.)</strong></span> <span class='ocrx_word' id='word_1_316' title='bbox 376 3833 404 3886; x_wconf 88' lang='lat' dir='ltr'><strong>el</strong></span> <span class='ocrx_word' id='word_1_317' title='bbox 425 3825 614 3888; x_wconf 86' lang='lat' dir='ltr'><strong>Lechnrenuo</strong></span> <span class='ocrx_word' id='word_1_318' title='bbox 644 3825 757 3902; x_wconf 85' lang='lat' dir='ltr'><strong>(Praei.</strong></span> <span class='ocrx_word' id='word_1_319' title='bbox 780 3844 810 3907; x_wconf 87' lang='lat' dir='ltr'><strong>p.</strong></span> <span class='ocrx_word' id='word_1_320' title='bbox 831 3823 973 3903; x_wconf 88' lang='lat' dir='ltr'>XXVII.)</span> <span class='ocrx_word' id='word_1_321' title='bbox 1000 3826 1096 3888; x_wconf 88' lang='lat' dir='ltr'><strong>libros</strong></span> <span class='ocrx_word' id='word_1_322' title='bbox 1122 3829 1163 3893; x_wconf 89' lang='lat'><strong>11.</strong></span> 
     </span>
     <span class='ocr_line' id='line_1_39' title="bbox 94 3910 1164 3992; baseline 0.003 -17"><span class='ocrx_word' id='word_1_323' title='bbox 94 3922 123 3975; x_wconf 84' lang='lat' dir='ltr'><strong>et</strong></span> <span class='ocrx_word' id='word_1_324' title='bbox 144 3910 197 3973; x_wconf 91' lang='grc'><strong>111.</strong></span> <span class='ocrx_word' id='word_1_325' title='bbox 219 3928 277 3972; x_wconf 88' lang='lat' dir='ltr'><strong>nne</strong></span> <span class='ocrx_word' id='word_1_326' title='bbox 301 3922 434 3990; x_wconf 87' lang='lat' dir='ltr'><strong>tempore</strong></span> <span class='ocrx_word' id='word_1_327' title='bbox 459 3921 587 3991; x_wconf 86' lang='lat' dir='ltr'><strong>apoeta</strong></span> <span class='ocrx_word' id='word_1_328' title='bbox 607 3911 739 3989; x_wconf 82' lang='lat' dir='ltr'><strong>digestos</strong></span> <span class='ocrx_word' id='word_1_329' title='bbox 762 3928 828 3974; x_wconf 88' lang='lat' dir='ltr'><strong>esse</strong></span> <span class='ocrx_word' id='word_1_330' title='bbox 849 3927 1009 3992; x_wconf 84' lang='lat' dir='ltr'><strong>ponamus,</strong></span> <span class='ocrx_word' id='word_1_331' title='bbox 1032 3915 1164 3992; x_wconf 82' lang='lat' dir='ltr'><strong>quantulo</strong></span> 
     </span>
     <span class='ocr_line' id='line_1_40' title="bbox 93 3994 1164 4079; baseline 0.005 -20"><span class='ocrx_word' id='word_1_332' title='bbox 93 4016 187 4059; x_wconf 85' lang='lat' dir='ltr'><strong>annus</strong></span> <span class='ocrx_word' id='word_1_333' title='bbox 209 3997 247 4058; x_wconf 92' lang='lat' dir='ltr'><strong>iis</strong></span> <span class='ocrx_word' id='word_1_334' title='bbox 270 4001 353 4072; x_wconf 69' lang='lat'><strong>732„</strong></span> <span class='ocrx_word' id='word_1_335' title='bbox 375 4014 434 4058; x_wconf 93' lang='lat' dir='ltr'><strong>non</strong></span> <span class='ocrx_word' id='word_1_336' title='bbox 457 3999 529 4060; x_wconf 83' lang='grc'><strong>731.</strong></span> <span class='ocrx_word' id='word_1_337' title='bbox 551 4000 590 4059; x_wconf 86' lang='lat' dir='ltr'><strong>sit</strong></span> <span class='ocrx_word' id='word_1_338' title='bbox 611 3995 802 4060; x_wconf 81' lang='lat' dir='ltr'><strong>definiendus.</strong></span> <span class='ocrx_word' id='word_1_339' title='bbox 845 3995 892 4058; x_wconf 84' lang='lat' dir='ltr'><strong>Gi.</strong></span> <span class='ocrx_word' id='word_1_340' title='bbox 912 3996 948 4058; x_wconf 87' lang='lat' dir='ltr'><strong>L.</strong></span> <span class='ocrx_word' id='word_1_341' title='bbox 967 3994 991 4057; x_wconf 91' lang='grc' dir='ltr'><strong>Ι.</strong></span> <span class='ocrx_word' id='word_1_342' title='bbox 1015 3997 1088 4079; x_wconf 87' lang='lat' dir='ltr'><strong>Gep.</strong></span> <span class='ocrx_word' id='word_1_343' title='bbox 1109 3999 1164 4064; x_wconf 89' lang='lat'><em>111.</em></span> 
     </span>
     <span class='ocr_line' id='line_1_41' title="bbox 92 4081 1168 4164; baseline 0 -18"><span class='ocrx_word' id='word_1_344' title='bbox 92 4100 122 4163; x_wconf 90' lang='lat' dir='ltr'><strong>p.</strong></span> <span class='ocrx_word' id='word_1_345' title='bbox 136 4084 188 4146; x_wconf 98' lang='grc'><strong>15.</strong></span> <span class='ocrx_word' id='word_1_346' title='bbox 204 4101 248 4162; x_wconf 90' lang='lat' dir='ltr'><strong>sq.</strong></span> <span class='ocrx_word' id='word_1_347' title='bbox 294 4082 366 4147; x_wconf 88' lang='lat' dir='ltr'><strong>Post</strong></span> <span class='ocrx_word' id='word_1_348' title='bbox 388 4082 471 4144; x_wconf 87' lang='lat' dir='ltr'><strong>illurn</strong></span> <span class='ocrx_word' id='word_1_349' title='bbox 493 4100 600 4145; x_wconf 83' lang='lat' dir='ltr'><strong>annuum</strong></span> <span class='ocrx_word' id='word_1_350' title='bbox 627 4101 703 4164; x_wconf 85' lang='lat' dir='ltr'><strong>quae</strong></span> <span class='ocrx_word' id='word_1_351' title='bbox 725 4083 896 4145; x_wconf 87' lang='lat' dir='ltr'><strong>necessario</strong></span> <span class='ocrx_word' id='word_1_352' title='bbox 918 4083 1030 4162; x_wconf 86' lang='lat' dir='ltr'><strong>scripta</strong></span> <span class='ocrx_word' id='word_1_353' title='bbox 1052 4084 1091 4147; x_wconf 90' lang='lat' dir='ltr'><strong>sit</strong></span> <span class='ocrx_word' id='word_1_354' title='bbox 1111 4081 1168 4146; x_wconf 66' lang='lat' dir='ltr'><strong>ha-‘</strong></span> 
     </span>
    </p>
   </div>
   <div class='ocr_carea' id='block_1_10' title="bbox 92 4166 1262 4254">
    <p class='ocr_par' dir='ltr' id='par_1_11' title="bbox 92 4166 1262 4254">
     <span class='ocr_line' id='line_1_42' title="bbox 92 4166 1262 4254; baseline 0.003 -24"><span class='ocrx_word' id='word_1_355' title='bbox 92 4167 193 4231; x_wconf 83' lang='lat' dir='ltr'><strong>banda</strong></span> <span class='ocrx_word' id='word_1_356' title='bbox 221 4167 337 4254; x_wconf 78' lang='lat' dir='ltr'><strong>elegia,</strong></span> <span class='ocrx_word' id='word_1_357' title='bbox 366 4185 425 4231; x_wconf 91' lang='lat' dir='ltr'><strong>nou</strong></span> <span class='ocrx_word' id='word_1_358' title='bbox 454 4177 535 4232; x_wconf 82' lang='lat' dir='ltr'><strong>extet</strong></span> <span class='ocrx_word' id='word_1_359' title='bbox 560 4171 591 4232; x_wconf 90' lang='lat' dir='ltr'><strong>in</strong></span> <span class='ocrx_word' id='word_1_360' title='bbox 620 4171 666 4232; x_wconf 91' lang='lat' dir='ltr'><strong>his</strong></span> <span class='ocrx_word' id='word_1_361' title='bbox 689 4167 805 4231; x_wconf 86' lang='lat' dir='ltr'><strong>duobus</strong></span> <span class='ocrx_word' id='word_1_362' title='bbox 829 4167 925 4231; x_wconf 83' lang='lat' dir='ltr'><strong>libris.</strong></span> <span class='ocrx_word' id='word_1_363' title='bbox 969 4166 1014 4229; x_wconf 90' lang='lat' dir='ltr'><strong>De</strong></span> <span class='ocrx_word' id='word_1_364' title='bbox 1035 4170 1170 4234; x_wconf 81' lang='lat' dir='ltr'><strong>carmine.</strong></span> <span class='ocrx_word' id='word_1_365' title='bbox 1260 4240 1262 4245; x_wconf 56' lang='grc'><strong>,</strong></span> 
     </span>
    </p>
   </div>
   <div class='ocr_carea' id='block_1_11' title="bbox 94 4253 1188 4418">
    <p class='ocr_par' dir='ltr' id='par_1_12' title="bbox 94 4253 1188 4418">
     <span class='ocr_line' id='line_1_43' title="bbox 96 4253 1166 4336; baseline 0.003 -22"><span class='ocrx_word' id='word_1_366' title='bbox 96 4255 172 4316; x_wconf 88' lang='lat' dir='ltr'><strong>enirn</strong></span> <span class='ocrx_word' id='word_1_367' title='bbox 202 4253 275 4316; x_wconf 90' lang='lat' dir='ltr'><strong>libri</strong></span> <span class='ocrx_word' id='word_1_368' title='bbox 300 4254 362 4332; x_wconf 88' lang='grc'><strong>111,</strong></span> <span class='ocrx_word' id='word_1_369' title='bbox 384 4259 415 4317; x_wconf 96' lang='grc'><strong>7.</strong></span> <span class='ocrx_word' id='word_1_370' title='bbox 445 4255 562 4318; x_wconf 86' lang='lat' dir='ltr'><strong>omnine</strong></span> <span class='ocrx_word' id='word_1_371' title='bbox 593 4273 653 4318; x_wconf 87' lang='lat' dir='ltr'><strong>nou</strong></span> <span class='ocrx_word' id='word_1_372' title='bbox 681 4254 789 4335; x_wconf 75' lang='lat' dir='ltr'><strong>liquet</strong></span> <span class='ocrx_word' id='word_1_373' title='bbox 835 4256 912 4317; x_wconf 86' lang='lat' dir='ltr'><strong>Ante</strong></span> <span class='ocrx_word' id='word_1_374' title='bbox 943 4271 1048 4316; x_wconf 85' lang='lat' dir='ltr'><strong>aunum</strong></span> <span class='ocrx_word' id='word_1_375' title='bbox 1076 4271 1166 4336; x_wconf 87' lang='lat' dir='ltr'><strong>pree·</strong></span> 
     </span>
     <span class='ocr_line' id='line_1_44' title="bbox 94 4337 1188 4418; baseline 0.005 -18"><span class='ocrx_word' id='word_1_376' title='bbox 94 4347 179 4404; x_wconf 85' lang='lat' dir='ltr'><strong>tenee</strong></span> <span class='ocrx_word' id='word_1_377' title='bbox 207 4343 282 4404; x_wconf 75' lang='lat'><strong>732.</strong></span> <span class='ocrx_word' id='word_1_378' title='bbox 310 4339 358 4402; x_wconf 84' lang='grc'><strong>111.</strong></span> <span class='ocrx_word' id='word_1_379' title='bbox 382 4339 434 4415; x_wconf 79' lang='lat' dir='ltr'><strong>IV,</strong></span> <span class='ocrx_word' id='word_1_380' title='bbox 462 4342 492 4405; x_wconf 92' lang='grc'><strong>5.</strong></span> <span class='ocrx_word' id='word_1_381' title='bbox 522 4343 554 4405; x_wconf 85' lang='grc'><strong>8.</strong></span> <span class='ocrx_word' id='word_1_382' title='bbox 582 4346 618 4418; x_wconf 90' lang='grc'><strong>1,</strong></span> <span class='ocrx_word' id='word_1_383' title='bbox 640 4345 693 4405; x_wconf 92' lang='grc'><strong>71.</strong></span> <span class='ocrx_word' id='word_1_384' title='bbox 721 4339 761 4403; x_wconf 84' lang='lat' dir='ltr'><strong>ed</strong></span> <span class='ocrx_word' id='word_1_385' title='bbox 788 4339 837 4403; x_wconf 87' lang='lat' dir='ltr'><strong>liu.</strong></span> <span class='ocrx_word' id='word_1_386' title='bbox 866 4337 1000 4418; x_wconf 81' lang='lat' dir='ltr'><strong>scriptae·</strong></span> <span class='ocrx_word' id='word_1_387' title='bbox 1024 4340 1083 4404; x_wconf 89' lang='lat' dir='ltr'><strong>sint</strong></span> <span class='ocrx_word' id='word_1_388' title='bbox 1112 4355 1188 4405; x_wconf 62' lang='lat' dir='ltr'><strong>rto-⁴</strong></span> 
     </span>
    </p>
   </div>
   <div class='ocr_carea' id='block_1_12' title="bbox 854 4440 964 4504">
    <p class='ocr_par' dir='ltr' id='par_1_13' title="bbox 854 4440 964 4504">
     <span class='ocr_line' id='line_1_45' title="bbox 854 4440 964 4504; baseline -0.036 -24"><span class='ocrx_word' id='word_1_389' title='bbox 854 4440 964 4504; x_wconf 51' lang='grc' dir='ltr'><strong>1ᾖ5*</strong></span> 
     </span>
    </p>
   </div>
   <div class='ocr_carea' id='block_1_13' title="bbox 0 0 1408 4974">
    <p class='ocr_par' dir='ltr' id='par_1_14' title="bbox 0 0 1408 4974">
     <span class='ocr_line' id='line_1_46' title="bbox 0 0 1408 4974; baseline 0 1"><span class='ocrx_word' id='word_1_390' title='bbox 0 0 1408 4974; x_wconf 95' lang='lat' dir='ltr'><strong> </strong></span> 
     </span>
    </p>
   </div>
  </div>
 </body>
</html>
