2806 4974
234 373 309 452 172
548 391 740 459 Quaestionum
760 393 841 448 Liber
859 395 999 455 secundus.

233 567 294 640 10,
314 568 344 630 6.
387 565 473 631 liade
494 576 641 650 apparet,
666 586 726 630 uon
748 567 886 631 fortunae
913 566 980 631 lus'u
1002 569 1104 652 aliquo
1126 570 1204 634 huuc
1231 587 1301 634 oon·

232 661 348 715 centum
370 663 464 716 ortum
489 672 569 729 esse,
591 654 643 716 sed
666 656 755 719 certis
779 656 1000 736 compositionis
1022 657 1151 736 legibus.
1195 657 1302 735 Quan-

229 739 275 801 vis
298 740 374 802 enim
401 741 525 802 maxime
553 740 712 803 sollicitum
734 751 853 822 poetam
876 741 913 804 dc
936 744 1143 806 connectendis
1170 745 1249 806 inter
1270 763 1301 808 se

229 842 366 887 versuum
387 827 508 907 paribus
531 836 561 890 ct
587 826 624 889 de
646 828 780 908 periodis
808 837 872 890 arte
896 828 1146 892 circumducendis
1167 829 1301 906 uidimus,

229 911 532 992 simplicissima
562 922 667 975 contra
697 923 742 976 est
774 913 1018 992 singulorum
1044 915 1299 980 distichorum

228 1005 431 1060 structura
452 1009 490 1074 ct,
512 1000 537 1061 si
559 1016 622 1061 cum
640 999 797 1072 Tibulli
817 1001 935 1062 ratione
954 1004 1185 1084 comparaveris,
1204 1021 1299 1083 paene

229 1082 385 1148 dissoluta.
440 1085 556 1147 Etenim
590 1084 668 1146 idem
698 1085 771 1161 ille,
800 1087 856 1166 'qui
890 1089 1109 1168 complexiones
1142 1090 1299 1152 uerborum

226 1170 400 1248 magnificas
430 1171 519 1233 altius
542 1171 689 1234 extollere
719 1190 779 1235 non
807 1184 979 1251 11111111,
1009 1175 1089 1238 intra
1111 1177 1298 1254 angustiores
1351 1251 1353 1255 Ι

227 1254 348 1318 distichi
377 1256 450 1319 fines
480 1275 592 1319 sumnia
621 1266 666 1320 cst
694 1277 764 1320 usus
787 1257 961 1338 diligentia,
989 1261 1135 1340 siquidem
1163 1263 1297 1342 primum,

157 1341 159 1347 ’
225 1342 279 1403 uhi
308 1341 385 1404 idem
416 1345 593 1405 enrrntiatum
618 1361 674 1424 per
693 1354 848 1426 utrumque
870 1363 986 1408 uersum
1012 1347 1193 1422 extenditur,
1222 1349 1297 1410 hanc
1392 1422 1393 1428 ἵ

225 1426 324 1506 legem
345 1429 402 1490 sihi
421 1429 558 1491 Tibullus
581 1432 697 1504 statuit,
724 1439 756 1494 ut
777 1431 938 1494 subiectum
959 1433 1127 1497 breviorem
1149 1433 1314 1498 obtinerett
1392 1430 1393 1493 l

226 1514 358 1593 (Disscn.
380 1515 481 1578 Praei.
501 1516 570 1579 Tib.
589 1534 619 1596 p.
641 1516 787 1595 (lxxta),
810 1519 960 1580 rarissime
981 1528 1095 1583 contra.
1139 1520 1224 1597 erae
1247 1538 1294 1582 res

222 1598 291 1660 inde
311 1602 400 1662 hahet
420 1601 555 1677 laudem,
577 1601 656 1683 quod
678 1620 742 1664 cum
764 1604 876 1665 animos
896 1605 1103 1685 imperfectam
1120 1606 1292 1668 necessario
1389 1539 1393 1679 i

222 1687 374 1766 intelligat
396 1689 482 1750 heroi
507 1706 610 1750 uersus
639 1689 826 1764 sententiam,
854 1706 1001 1771 occupare
1022 1701 1147 1754 uentura
1172 1701 1202 1756 et
1229 1710 1293 1752 sus·
1389 1684 1392 1784 l

221 1772 355 1853 pendere
379 1783 448 1854 post
474 1775 641 1835 hexametri
669 1774 754 1836 finem
780 1777 1009 1856 respirationem
1032 1779 1161 1858 cogitur.
1204 1777 1291 1841 Unde

218 1859 330 1921 iortius
353 1860 457 1938 colligi
479 1869 509 1922 ct
530 1868 627 1921 mutuo
651 1862 737 1941 quasi
759 1865 835 1924 necti
858 1864 1024 1928 orationem
1043 1866 1187 1947 sequitur.
1232 1864 1291 1927 lta·
1321 1893 1323 1898 ·
1392 1939 1393 1956 χ

219 1963 292 2027 que,
315 1947 446 2028 quamuis
467 1945 593 2008 alterum
613 1946 724 2010 habeat
743 1945 790 2009 El.
811 1947 856 2024 11,
880 1953 914 2025 l,
936 1953 1003 2014 39.:
1392 1961 1393 1984 ³

353 2077 407 2129 Sed
423 2092 456 2128 11
473 2077 631 2143 Phlepraeos
647 2081 717 2130 lovis
734 2079 905 2146 Enceladique
922 2083 1048 2134 1111111111

390 2147 493 2198 11111111
511 2155 621 2214 conpacto
637 2156 742 2214 pectore
762 2149 996 2205 Callimachus
1013 2177 1049 2192 ··-

197 2268 352 2351 ,proauus
373 2276 471 2334 tamen
492 2269 658 2350 subiungit:

351 2403 408 2456 Nec
425 2418 493 2454 ntea
510 2405 662 2456 coaveaiaat
678 2404 745 2458 draco
762 2405 973 2472 praecordia
992 2421 1070 2459 versa

384 2472 510 2524 Caesaris
527 2475 555 2524 11
574 2473 701 2540 Phrppios
718 2475 826 2528 1111111
840 2491 932 2527 actaea
949 2492 1012 2529 aoos
1029 2501 1065 2514 -

210 2591 264 2654 uhi
284 2592 312 2654 si
332 2594 396 2674 quis
416 2603 486 2674 post
504 2613 619 2658 uersa
639 2595 781 2660 claudere
801 2600 973 2661 sententiam
990 2599 1072 2676 uelit,
1085 2618 1143 2664 non
1160 2597 1282 2664 lahorct

193 2686 369 2754 ,strrrctura
411 2681 486 2742 Hinc
513 2700 589 2762 qnae
617 2682 763 2748 addantur
790 2685 887 2746 laxius
911 2704 1001 2767 saepe
1029 2696 1059 2749 ct
1083 2696 1205 2768 praeter
1227 2705 1279 2751 ex·

209 2767 408 2845 pectationem
429 2766 566 2829 accidere
590 2786 648 2830 non
671 2787 822 2848 negamus.
867 2771 952 2847 Quod
977 2773 1072 2851 magis
1097 2774 1184 2836 etiam
1209 2792 1278 2840 sett-

207 2850 295 2925 titar,
327 2852 379 2913 ubi
410 2857 792 2932 pentameter‘attribntum
823 2856 918 2919 solum
950 2859 1115 2939 superioris
1148 2859 1274 2922 nominis

206 2939 351 3014 continet,
371 2939 453 3001 uelut
473 2939 518 3016 ll,
540 2946 575 3016 2,
597 2945 643 3005 9.:

291 3067 292 3070 ’
345 3070 438 3134 Qualis
455 3077 479 3122 ct
497 3072 715 3126 Ischomache
730 3073 861 3141 Lapithae
878 3089 958 3140 penas
973 3075 1096 3128 heroicae

379 3139 519 3192 0111111111
535 3141 617 3194 medio
634 3149 739 3208 pcata
756 3145 880 3210 rapina
897 3159 969 3197 11111
988 3171 1024 3183 ·-

202 3267 233 3324 et
252 3257 350 3335 atatim
371 3259 403 3322 in
423 3259 523 3322 ironte
543 3249 720 3322 carminumz‘

341 3385 452 3452 Cynthia
467 3386 556 3451 prima
573 3387 629 3438 sais
644 3387 768 3438 1111111111
784 3401 831 3438 me
848 3391 915 3450 cepit
932 3387 1032 3456 ocellis,

374 3454 398 3506 G
403 3460 571 3506 1111111111
587 3457 667 3508 111111
685 3463 746 3506 nate
764 3454 935 3522 cupidicitiae.

196 3575 342 3642 Vitiosum
369 3575 502 3651 diceres,
531 3578 589 3638 uisi
617 3575 686 3640 aliis
713 3577 870 3640 uirtutibus
894 3586 1148 3658 compensaretur,
1173 3579 1264 3643 ueluti

195 3679 261 3724 cum
285 3659 395 3746 πλοκῇ
416 3681 521 3732 nomen
543 3662 617 3725 illud
638 3664 791 3744 repetitur,
817 3663 931 3742 dequo
953 3681 1062 3740 genere
1081 3665 1142 3725 dixi
1162 3685 1263 3747 snpra.

195 3748 362 3825 Quinetiam
389 3749 519 3812 fortasse
544 3750 641 3811 oratio
667 3750 725 3810 ianr
751 3750 911 3811 maioribus
937 3749 999 3810 illis
1028 3751 1161 3830 periodis
1189 3754 1262 3815 satis

193 3835 416 3916 circumscripta
442 3837 469 3898 si
496 3847 654 3917 praeterea
679 3853 734 3916 per
757 3835 876 3915 singula
903 3835 990 3896 etiam
1017 3838 1149 3898 membra
1175 3840 1260 3900 noris

189 3922 289 3983 uersis
319 3921 511 4000 alligaretur,
543 3931 575 3983 ut
605 3922 792 4000 strangulata
821 3922 919 4001 potios
947 3940 1033 4000 quam
1064 3921 1172 3985 decore
1205 3923 1260 3986 ad·

189 4007 293 4068 stricta
310 4009 477 4085 rideretur,
497 4009 626 4070 laturum
648 4008 742 4070 luisse
762 4008 828 4088 spuis
850 4009 1004 4069 existimet.
1047 4008 1151 4090 Itaque
1170 4011 1257 4072 etium

177 4091 226 4170 Jde
252 4084 392 4175 reliquis,
419 4113 495 4175 quae
516 4094 572 4156 huo
595 4095 743 4175 spectant,
772 4094 890 4172 legibus
911 4093 1099 4174 Propertium
1120 4114 1256 4158 securum

185 4178 326 4244 ridemus.
369 4181 443 4245 Nam
463 4198 526 4242 cum
545 4179 692 4254 Tibullus,
713 4181 763 4242 ubi
785 4179 844 4241 duo
862 4179 911 4243 vel
931 4179 1019 4260 plura
1038 4191 1105 4243 sunt
1123 4183 1152 4242 iu
1173 4191 1256 4244 ntro·

185 4282 243 4349 que
270 4285 359 4330 uersu
387 4267 536 4341 subiecta,
561 4265 614 4329 sed
641 4284 717 4347 quae
744 4263 783 4329 ad
811 4283 899 4328 urnam
925 4267 1046 4329 uerbum
1074 4267 1253 4344 referantur,

181 4350 239 4416 hcc
266 4352 363 4438 ipsum
393 4362 577 4438 pentametro
607 4350 727 4416 assidue
755 4351 855 4430 ,soleat
887 4351 1022 4417 tribuere
1050 4353 1105 4434 (ci.
1132 4353 1274 4418 Dissen·
