2762 4972
374 353 463 427 Caput
483 351 527 411 VI.
565 357 608 410 ua
627 356 787 414 elocutione.
1049 341 1121 422 141

222 511 226 518 ¹
269 524 297 595 §.
314 531 358 583 22.
396 527 434 578 De
455 544 502 578 usu
523 525 652 594 participii
674 526 754 578 lutari
774 524 899 588 eleganti.

149 632 245 710 Atque
268 633 315 693 bic
338 628 453 710 quidem
476 630 560 693 loeus
587 628 720 704 uidetur,
749 629 800 690 ubi
829 627 867 692 de
893 647 949 692 usu
970 627 1123 710 participii

60 720 142 782 laturi
171 718 390 796 elegantissimo
420 718 506 778 simul
537 725 565 778 et
595 716 671 796 apud
702 717 827 777 Latinos
856 716 1009 777 rarissimo
1039 716 1122 778 dica-

61 823 123 880 mus,
142 823 227 883 quem
248 805 277 864 iu
296 803 453 885 Propertio
477 803 635 882 aliquoties
657 802 923 864 animadvertimus.
965 801 1039 864 Nam
1058 802 1121 883 pri-

62 911 125 952 mum
147 892 199 950 ille
224 897 274 966 ea,
297 907 354 969 qna
376 891 449 964 suis,
471 888 882 963 brevitateetlaotaautea,
903 896 1029 968 atquae
1052 897 1121 950 tuno

61 979 149 1038 lutura
171 983 265 1049 erant,
285 992 359 1036 nuuc
377 991 447 1036 reru
471 977 528 1036 iam
551 983 617 1035 suut
638 975 810 1055 praeterita,
829 974 872 1036 ita
891 972 921 1034 iu
942 993 1028 1035 rruuru
1049 991 1121 1036 cou-

60 1064 143 1141 irugit
167 1061 323 1134 ambitum,
355 1069 385 1121 ut
407 1061 504 1122 oratio
527 1069 632 1122 contra
654 1077 786 1121 seueram
809 1059 963 1138 cogitandi
987 1077 1120 1122 normam

61 1167 183 1229 pugnans
211 1148 394 1209 diuersorum
423 1157 585 1226 temporum
614 1147 714 1206 varias
742 1145 926 1208 conditiones
953 1147 1042 1210 simul
1066 1146 1120 1207 sub

61 1237 151 1296 oerrlos
174 1234 322 1294 subiiciat.
366 1233 439 1294 Hiuc
460 1235 552 1310 igitur
574 1232 648 1292 illud
672 1231 730 1306 lv,
751 1235 786 1306 7,
809 1236 877 1293 22st

221 1347 346 1399 Foedera
364 1345 412 1396 deu
429 1347 516 1410 triciti,
540 1347 613 1397 caius
631 1346 742 1411 {allucio
759 1343 839 1397 verbo

251 1415 314 1465 Nou
332 1415 498 1466 audituri
518 1413 650 1481 diripuere
668 1415 744 1465 Noti.

60 1521 187 1586 Proiecto
211 1521 287 1582 euim
309 1529 385 1596 tum,
406 1539 468 1582 cum
492 1519 689 1602 diripiebant,
712 1535 770 1580 nou
793 1515 913 1581 luerunt
933 1534 992 1579 uou
1011 1517 1122 1580 audi·

60 1610 148 1684 turi,
177 1606 230 1669 sed
260 1623 318 1667 uon
347 1607 562 1670 audientes.
614 1607 703 1668 lutuno
731 1607 788 1667 boc
820 1604 900 1678 vult,
929 1605 1041 1682 Notos,
1070 1604 1122 1686 qui

62 1697 142 1756 rerba
166 1693 367 1773 diripuerunt,
391 1695 447 1754 iam
471 1702 542 1767 tum,
565 1708 628 1754 auur
648 1689 753 1754 foedus
774 1688 873 1764 fieret,
895 1690 1026 1752 uoluisse
1047 1707 1122 1770 quo·

63 1779 206 1841 dammodo
237 1779 351 1840 audire.
406 1778 467 1840 Sed
499 1781 573 1840 traca
608 1795 665 1839 nou
698 1777 792 1856 magis
825 1776 904 1856 apud
934 1776 1121 1857 Propertium

62 1884 136 1944 quam
160 1864 238 1946 apud
262 1864 347 1926 alios.
391 1864 484 1926 Huius
505 1881 577 1926 reru
598 1864 695 1926 altera
715 1863 793 1925 ratio
815 1862 889 1923 baec
909 1870 969 1938 est,
990 1872 1022 1925 ut
1042 1871 1119 1943 part.

61 1953 107 2014 lut.
132 1952 298 2033 praeterito
328 1952 411 2014 uerbi
441 1951 514 2012 liniti
542 1950 672 2012 additum
702 1949 732 2010 id
761 1947 921 2027 significet,
952 1947 1032 2029 quod
1062 1964 1121 2010 nou

60 2037 135 2099 uodo
159 2047 228 2110 tum,
248 2053 312 2097 eum
331 2054 380 2098 res
399 2038 553 2115 agebatur,
574 2037 702 2098 turturum
723 2045 787 2096 erat
806 2033 929 2096 neudum
949 2035 1120 2115 perlectum,

61 2123 104 2184 sed
130 2123 211 2204 quud
240 2140 277 2183 ue
306 2141 380 2184 nuuc
411 2123 546 2202 quidem,
582 2139 646 2184 eum
678 2121 843 2201 loquimur,
873 2120 1038 2182 absolutum
1067 2130 1120 2182 est.

62 2211 133 2272 Nibil
157 2210 233 2272 enirn
251 2208 340 2286 uulgo
362 2207 462 2283 relert,
483 2209 524 2284 id,
547 2208 625 2290 qaod
647 2224 722 2269 uunc
741 2208 934 2287 praeteritum
954 2217 1007 2280 est,
1027 2223 1122 2286 quon·

63 2295 118 2356 dam
139 2295 270 2357 futurum
291 2295 399 2368 larissa,
423 2294 534 2356 dicere.
578 2296 770 2374 inceptam
791 2293 885 2369 igitur
906 2309 1002 2373 neque
1023 2301 1122 2354 tamen

62 2400 180 2462 uuquam
202 2380 328 2455 linitam,
348 2381 369 2442 i.
393 2397 418 2442 e.
439 2381 629 2461 interruptam
654 2389 682 2443 et
704 2395 737 2439 re
756 2395 828 2440 vera
849 2395 908 2440 nou
929 2378 1038 2440 lautam
1059 2396 1122 2440 rem

61 2467 209 2545 significat.
253 2470 348 2546 Atque
369 2467 416 2527 bic
436 2466 554 2545 quidem
575 2467 656 2527 illius
675 2467 702 2526 is
726 2471 770 2527 est
790 2482 877 2538 usus,
897 2481 955 2544 quo
977 2465 1008 2525 iu
1031 2482 1124 2528 euuu·

60 2555 130 2616 tiatis
155 2551 404 2617 conditionalibus
425 2554 604 2614 contrarium
625 2554 697 2625 eius,
716 2549 794 2630 qnod
816 2551 846 2610 iu
868 2549 983 2631 protasi
1003 2558 1125 2630 ponunt,
1235 2578 1238 2587 ·

62 2639 303 2718 significantibus,
325 2637 469 2719 apoduein
492 2638 668 2699 coniunctiri
694 2635 861 2716 imperleoti
883 2647 934 2698 aaut
955 2635 1125 2717 plusquam·

63 2728 179 2804 perlecti
201 2727 270 2786 loeo
292 2726 369 2787 solet
394 2726 539 2795 obtinere.
583 2722 670 2799 Quod
692 2739 784 2800 genus
803 2721 975 2802 Propertius
998 2739 1073 2782 noro
1096 2728 1125 2783 ct

63 2813 153 2874 berula
178 2811 379 2893 pulcherrimo
403 2810 489 2872 modo
512 2813 555 2872 ita
577 2809 748 2882 exornavit,
769 2818 801 2868 ut
824 2809 933 2870 omissa
954 2807 1125 2869 conditione

63 2909 176 2960 naturae
204 2899 410 2960 necessitatem
439 2898 545 2961 rictam
574 2896 714 2978 precibus
747 2902 995 2976 repraesentaret.
1048 2893 1125 2955 llius

61 2983 279 3060 111,10,12.:
629 2999 631 3005 ’

147 3151 150 3156 ,
227 3101 266 3150 Tu
284 3113 396 3166 qumque,
416 3099 459 3166 qui
477 3100 591 3150 aestiuos
608 3097 755 3164 spatiosius
773 3099 855 3162 euipis
871 3098 955 3166 tanes,

136 3228 138 3231 .
261 3167 374 3232 Pboebe,
393 3174 600 3218 ntoruturue
618 3167 786 3218 corttrubc
810 3169 874 3218 tucis
891 3169 961 3219 iter·
976 3192 1011 3206 -·

63 3271 82 3333 i.
101 3289 125 3334 e.
147 3272 207 3335 iter
226 3270 343 3345 Lunae,
371 3286 448 3350 quae
470 3285 545 3329 uuuc
569 3267 685 3349 quidem
709 3269 822 3330 aestivo
844 3268 914 3330 auui
938 3279 1080 3350 tempore,
1101 3269 1128 3332 si

64 3370 180 3420 naturae
199 3357 317 3436 legibus
340 3356 540 3434 obsequatur,
562 3354 671 3416 diutius
695 3356 733 3416 sit
758 3362 925 3430 moratura,
948 3366 1050 3418 uorrtra
1073 3358 1128 3419 has

63 3442 137 3521 leges
169 3444 319 3506 contrahe.
370 3441 445 3504 Nam
478 3440 503 3500 si
532 3441 684 3521 propriam
718 3451 747 3503 et
778 3441 902 3522 primam
933 3441 1128 3522 significatio-

63 3547 121 3590 uem
149 3528 224 3592 uelis
254 3527 348 3601 tueri,
378 3527 491 3587 frustra
518 3527 588 3587 eris.
637 3527 802 3588 Absurdnm
833 3527 917 3587 euim.
967 3528 1128 3592 Eidoacius

64 3631 128 3676 reru
152 3616 240 3678 etiam
263 3620 293 3676 et
312 3613 413 3674 neseio
435 3628 493 3692 quo
515 3611 609 3672 flebili
627 3611 789 3674 frustratae
811 3613 876 3692 spei
897 3621 1127 3694 temperamento

64 3701 172 3763 mixtum
195 3702 266 3775 boe,
290 3699 320 3760 iu
342 3713 415 3778 quo,
440 3696 510 3778 quid
532 3698 597 3779 ipse
623 3705 753 3777 optet,
776 3698 830 3759 illo
853 3699 1012 3780 participio
1034 3702 1128 3780 sigui-

65 3783 140 3860 duat,
160 3786 208 3848 El.
226 3786 250 3861 I,
271 3789 300 3858 3,
318 3787 383 3847 32:
407 3784 494 3846 Luna
515 3785 728 3847 moraturis
751 3782 888 3846 sedula
908 3783 1129 3862 luminibus,
1161 3819 1163 3828 ι

64 3870 81 3930 i.
97 3889 120 3933 e.
140 3889 216 3952 quae
236 3871 348 3932 morari
369 3869 532 3942 debebant,
558 3885 635 3949 quae
660 3879 756 3943 certe,
784 3870 811 3930 si
832 3887 877 3930 me
903 3878 1004 3934 secuta
1029 3882 1128 3936 esseut

63 3973 111 4018 uec
135 3957 289 4038 improbae
317 3956 367 4017 isti
396 3963 425 4018 et
450 3953 565 4017 crudeli
586 3963 712 4018 naturae
732 3956 904 4016 necessitati
926 3956 1131 4038 obtemperas-

65 4052 140 4117 seut,
162 4043 270 4106 diutius
295 4048 378 4103 erant
397 4050 625 4106 commoraturus.
668 4043 703 4103 lu
724 4057 760 4103 eo
783 4040 928 4124 denique,
951 4044 1003 4126 qui
1023 4051 1129 4120 restat,
1201 4119 1203 4124 Ι

65 4124 125 4192 aa
146 4129 200 4207 rr,
221 4133 259 4205 a,
279 4130 349 4194 aas

211 4245 287 4315 *Vidi
304 4259 348 4308 epo
370 4243 474 4294 odorati
491 4244 634 4295 uictura
651 4242 872 4296 rosuuueuesrt

259 4313 345 4382 Saepe
361 4313 491 4366 matutino
508 4317 582 4364 coctu
601 4313 687 4364 tacere
704 4311 778 4363 Noto
797 4337 831 4350 -
