2822 4976
417 410 856 531 iherosolimorum.
1134 466 1178 530 eo

144 609 194 680 Et
213 608 327 676 tabula
348 628 415 678 una
435 610 518 678 duos
540 616 662 698 poterit
682 633 878 704 componere
898 629 1060 706 amantes,

188 712 292 778 Proro
314 711 422 778 cubile
443 712 522 779 mihi
542 732 603 780 seu
624 713 703 782 mihi
722 722 840 805 puppis
862 724 936 790 erit.

96 829 127 876 ss
146 814 264 885 Omnia
286 817 469 901 perpetiar:
491 835 618 883 saevus
639 818 718 886 lieet
739 828 859 909 urgeat
875 823 1000 908 Eume,
1062 819 1065 825 ’

185 919 335 1003 velaque
354 919 388 984 in
408 922 565 986 incertum
586 921 729 1010 frigidus
746 924 872 991 Auster
892 935 986 1016 agat,
1095 913 1096 918 ἵ

142 1019 371 1108 Quotcunque
392 1029 426 1088 et
445 1025 538 1089 venti
558 1027 713 1092 miserum
734 1029 889 1095 vexastis
909 1032 1030 1105 Ulixen

183 1124 232 1194 Et
252 1126 404 1191 Danaum
422 1125 570 1194 Euboico
593 1127 688 1195 litore
708 1129 796 1196 mille
816 1136 921 1215 rates,

140 1226 190 1296 Et
211 1231 267 1314 qui
286 1231 439 1294 movistis
458 1228 522 1296 duo
545 1230 660 1315 litora,
682 1251 753 1298 oum
774 1233 867 1300 rudis
889 1234 1004 1324 Argus

94 1348 125 1393 so
160 1361 165 1372 ·
183 1332 263 1400 Dux
284 1339 358 1399 erat
379 1335 491 1422 ignoto
512 1335 617 1401 missa
639 1335 787 1403 columba
809 1339 900 1403 mari.

138 1435 202 1502 llia
221 1438 306 1503 meis
328 1443 452 1502 tantum
473 1455 539 1503 non
560 1456 712 1525 umquam
733 1438 821 1506 desit
842 1441 970 1526 ocellis,

182 1537 343 1606 Ineendat
363 1558 483 1606 navem
501 1539 650 1627 luppiter
670 1543 745 1628 ipse
767 1543 854 1635 iicet.
1017 1529 1021 1537 ’

138 1638 240 1708 Certe
261 1639 369 1706 isdem
389 1638 468 1706 nudi
490 1643 614 1726 pariter
633 1643 828 1709 iactabimur
847 1645 930 1710 oris:

180 1748 238 1815 Me
259 1747 338 1814 lieet
356 1746 446 1813 unda
465 1747 568 1832 ierat,
591 1753 626 1819 te
646 1748 741 1814 modo
763 1753 852 1816 terra
872 1753 977 1839 tegat.

93 1865 122 1910 ⁴⁵
138 1851 212 1922 Sed
233 1871 299 1919 non
321 1854 493 1939 Neptunus
514 1858 605 1919 tanto
626 1851 771 1918 erudelis
794 1854 907 1938 umori,
985 1909 990 1920 ,

179 1957 353 2040 Neptunus
373 1955 469 2022 fratri
489 1974 551 2042 par
570 1958 604 2022 in
625 1975 737 2036 amore
757 1954 842 2024 lovi.
1099 2043 1102 2048 ¹

138 2059 254 2126 Testis
273 2059 472 2144 Amymone,
493 2060 613 2126 latices
634 2058 710 2124 dum
729 2059 851 2142 terret,
869 2059 903 2126 in
922 2059 1028 2147 Argis

181 2157 400 2245 Compressu,
423 2166 457 2225 et
475 2160 587 2226 Lerne
606 2161 702 2246 pulsa
724 2159 867 2226 tridente
887 2160 994 2246 palus.

135 2261 207 2328 lam
229 2260 313 2328 deus
335 2261 489 2349 amplexu
510 2267 621 2328 votum
641 2263 817 2349 persolvit:
840 2268 876 2329 at
895 2263 942 2328 iili

93 2377 121 2424 so
180 2367 295 2431 Aurea
314 2364 445 2431 divinas
467 2383 550 2430 urna
571 2364 714 2450 profudit
734 2384 851 2451 aquas.

137 2467 311 2536 Crudeiem
332 2475 367 2534 et
384 2467 525 2534 Boream
545 2475 643 2552 rapta
661 2466 813 2552 Orithyia
834 2469 991 2556 negarit:

178 2569 244 2636 Hio
263 2566 347 2634 deus
367 2573 408 2633 et·
422 2574 532 2634 terras
552 2575 586 2634 et
605 2571 709 2636 maria
728 2569 797 2634 alta
817 2567 937 2634 domat.

135 2669 247 2738 Crede
267 2667 363 2751 mihi,
384 2669 479 2735 nobis
497 2671 651 2736 mitescet
667 2668 800 2754 Scylla,
820 2687 883 2760 neo
902 2685 1052 2756 umquem

99 2821 102 2827 -
176 2773 374 2840 Alternante
394 2789 520 2838 vorans
537 2779 638 2838 vasta
657 2770 845 2858 Charybdis
867 2788 963 2857 aqua.

90 2890 117 2936 su
132 2873 280 2962 ipsaque
301 2871 414 2964 sidera
438 2879 533 2940 erunt
553 2873 651 2939 nuliis
673 2875 817 2940 obseura
838 2873 998 2955 tenebris,
1042 2879 1048 2886 ’

175 2979 285 3045 Purus
304 2984 339 3043 et
356 2974 475 3060 Orion,
496 2997 598 3062 purus
620 2983 653 3042 et
671 2975 811 3042 Haedus
833 2977 905 3041 erit.
1035 3056 1039 3064 .

133 3077 228 3164 Quod
249 3076 328 3146 mihi
349 3066 380 3142 si
401 3070 553 3163 ponenda
573 3082 628 3144 tuo
649 3079 694 3142 sit
713 3094 848 3162 eorpore
867 3077 949 3158 vita,
995 3123 997 3126 -

177 3180 303 3250 Exitum
324 3178 380 3248 hio
400 3181 496 3249 nobis
517 3199 583 3248 non
603 3165 800 3250 inhonestus
823 3180 895 3248 erit.

1117 2151 1128 2194 i

156 3412 201 3464 33.
219 3407 317 3476 poteris
338 3411 382 3465 M.
456 3413 498 3467 3&
525 3409 646 3464 turbidus
663 3411 695 3468 P.
712 3411 789 3466 Pers.
864 3412 907 3465 37.
926 3405 1109 3472 Quodcunque
1129 3403 1162 3460 6.

87 3491 188 3546 niixem
207 3493 240 3547 G.
258 3489 332 3560 Hb.²
356 3495 469 3558 ulyssem
487 3495 522 3546 n.
540 3495 573 3546 A.
665 3499 708 3550 39.
733 3491 843 3546 novistis
861 3494 897 3548 n.
922 3490 987 3545 ratis
1006 3491 1040 3543 6.
1055 3487 1108 3544 Hb.
1127 3489 1161 3544 D.

91 3581 123 3632 7.
145 3579 207 3643 Μ.,
233 3575 299 3630 satis
321 3593 346 3628 r.
375 3592 440 3641 argo
461 3578 546 3634 6.Ν.
566 3577 768 3635 r.1-1d.1).11.
789 3578 819 3633 V.
838 3578 879 3642 M.
981 3578 1025 3628 40.
1049 3575 1162 3626 duxerat

87 3663 143 3720 Hi.
212 3664 256 3717 41.
273 3677 460 3728 nonnunquam
475 3669 510 3717 H.
519 3663 574 3720 Hh.
592 3663 673 3733 desit]
687 3669 790 3732 spectat
800 3662 854 3721 Hh.
923 3664 966 3716 42.
983 3660 1105 3714 Incendit
1115 3662 1159 3715 M.

87 3750 132 3802 43.
159 3745 240 3797 Crete
258 3745 302 3798 M.
334 3741 437 3794 hisdem
463 3745 496 3802 G.
514 3745 567 3803 lib.
585 3750 621 3804 n.
653 3748 726 3800 horis
746 3764 789 3814 pr.
807 3763 843 3798 ou.
862 3747 899 3799 N.
999 3747 1044 3800 44.
1067 3740 1159 3810 modo]

86 3847 194 3901 quoque
216 3845 313 3897 pram.
330 3825 385 3882 Hh.
401 3832 439 3880 ΙΙ.
458 3832 502 3882 Μ.
590 3833 635 3886 45.
659 3835 810 3898 neptunnus
831 3828 886 3885 Ha.
969 3830 1014 3881 46.
1038 3826 1162 3893 Neptun-

85 3935 137 3974 nns
154 3915 208 3972 Hb.
280 3917 323 3971 47.
342 3914 475 3967 emimone
492 3915 547 3969 Hb.
559 3917 600 3984 P„
618 3917 778 3968 ammimone
792 3917 839 3983 N.‚
857 3914 1008 3967 amimnone
1024 3913 1068 3978 6.,
1085 3926 1161 3975 amy-

85 4003 167 4056 nione
185 4002 219 4056 D.
242 4015 302 4052 oum
328 4017 415 4053 omues
438 4008 545 4067 praeter
567 4007 602 4057 N.
628 4002 657 4054 in
682 4001 751 4053 arvis
772 4001 805 4053 6.
823 3999 858 4055 N.
875 4014 900 4055 r.
919 4015 964 4066 m,
992 3998 1072 4049 armis
1091 3995 1159 4063 lita,

84 4087 157 4153 argis
168 4087 243 4142 Pera.
312 4087 354 4140 ts.
369 4085 568 4152 Comprehensa
586 4092 627 4139 est
637 4089 671 4142 D.
690 4088 781 4138 lernae
792 4087 828 4136 R.
838 4085 883 4153 A,
900 4087 991 4138 ieerne
1005 4100 1048 4150 pr.
1060 4099 1094 4134 m.
1104 4081 1158 4136 Hi.

83 4176 128 4228 49.
145 4173 193 4224 ille
210 4186 253 4238 pr.
269 4186 304 4227 m.
320 4171 356 4227 N.
427 4174 471 4225 50.
489 4172 560 4224 untia
577 4177 614 4230 Π.
631 4170 732 4225 refodit
749 4173 784 4223 n.
805 4187 849 4238 oa,
874 4170 993 4239 profudit
1009 4172 1047 4224 H.
1069 4169 1099 4221 V.
1115 4171 1160 4224 M.

83 4263 128 4313 31.
146 4260 222 4324 repta
239 4258 283 4313 M.
306 4256 411 4322 orithya
431 4258 478 4325 6.,
502 4256 600 4310 orithia
616 4257 671 4312 Hh.
688 4259 723 4312 n.
811 4257 855 4310 st.
875 4252 999 4308 oarihidis
1018 4252 1089 4317 Hta,
1113 4267 1159 4304 ee·

83 4343 164 4399 rihris
180 4343 217 4396 N.
294 4344 339 4396 65.
357 4344 428 4395 nutis
447 4358 492 4411 pr.
509 4359 546 4398 m.
562 4343 617 4398 Hi.
701 4343 746 4398 56.
763 4341 829 4396 edus
850 4343 883 4396 6.
970 4341 1014 4396 ⁵7.
1031 4337 1103 4396 Quid
1121 4339 1158 4392 N.

84 4427 140 4484 Ht.
155 4433 190 4483 H.
208 4429 254 4483 M.
