2834 4972
207 345 274 460 x10
549 362 967 435 Quaesitumuaesitum

221 541 327 598 contra
351 531 519 597 notissimas
547 535 779 619 orthographiae
806 536 930 616 regulas
958 535 1110 601 offendere
1133 539 1186 602 ait.
1228 537 1291 602 llas
1351 577 1353 583 ,

221 619 308 695 euim,
329 629 361 684 ut
381 620 483 683 littera
503 621 610 685 initiali
632 625 739 686 maiori
760 623 918 698 scribatur,
937 623 1090 702 flagitare;
1113 634 1145 687 ut
1165 641 1238 686 uero
1257 625 1290 688 in

221 703 309 768 eodo.
331 724 398 768 mss.
420 707 553 770 omnibus
579 709 742 772 minuscula
769 718 921 774 exaratum
948 709 1084 773 inueniri.
1126 711 1210 774 llaec
1237 711 1292 773 ille

219 790 413 872 lepidissime.
456 791 518 854 Nos
539 811 612 857 sero
639 793 720 875 quod
741 791 780 857 tle
806 803 904 858 mente
924 796 978 858 Asi
998 797 1127 860 Asisium
1154 797 1293 877 appella·

220 885 281 941 tum
303 895 369 940 esse
394 878 587 941 coniecimus:
610 898 647 942 ea
668 882 695 942 si
717 897 790 944 sera
814 890 860 943 est
882 882 1027 962 suspicio,
1049 883 1139 944 aliam
1161 883 1292 945 fortasse

220 981 356 1039 causam,
377 980 431 1026 our
450 974 542 1044 poeta
562 982 695 1028 nomen
716 967 836 1046 patriae,
854 981 915 1028 non
936 966 1047 1030 diserte
1067 969 1293 1048 nuncupaverit,

219 1050 297 1112 banc
317 1050 426 1130 aliquis
447 1050 637 1112 luisse'baurl
655 1052 783 1114 absurde
802 1050 922 1126 dirimet,
943 1053 1021 1133 quod
1044 1054 1099 1116 etsi
1121 1071 1180 1115 nou
1202 1072 1294 1135 pror-

219 1154 271 1198 sus
298 1135 338 1198 iis
369 1137 409 1199 sit
437 1134 704 1212 adnumerandum,
734 1155 812 1218 quae
846 1155 961 1213 „uersu
987 1137 1090 1202 elicere
1117 1157 1176 1201 nou
1206 1143 1293 1216 est“‚

201 1215 318 1286 ‘tamen
339 1230 466 1303 propter
492 1229 628 1284 naturam
651 1224 772 1287 ultimae
799 1239 859 1284 non
885 1223 1037 1288 commode
1064 1226 1095 1288 in
1118 1225 1214 1304 elegis
1242 1243 1294 1286 se-

220 1306 299 1372 tleat.
349 1307 481 1387 Egregie
515 1318 675 1388 praeterea
709 1327 774 1370 cum
807 1307 959 1390 Propertii
992 1309 1070 1372 locis
1100 1310 1133 1372 ll.
1162 1311 1296 1374 concinit

218 1393 313 1455 Asisii
334 1391 494 1475 descriptio
516 1393 596 1474 apud
616 1394 742 1460 Dantem
762 1394 956 1476 Aligierium,
980 1398 1033 1478 qui
1050 1395 1189 1462 Patalis.
1210 1406 1293 1461 cant.

218 1479 266 1560 ll,
287 1479 326 1544 tle
344 1479 399 1545 Sto
418 1478 599 1546 Francisco:

409 1616 549 1669 Fertile
564 1621 640 1668 coeto
660 1613 777 1668 rl'ollo
794 1621 901 1668 morale
919 1618 1039 1683 pende,

405 1686 442 1736 Di
458 1691 656 1752 praetoresue,
676 1682 1061 1751 tod‘ooeetlasr'oope

406 1754 470 1806 Pto
486 1769 526 1806 eo
541 1759 711 1807 rottezzo
727 1769 827 1822 caepae
844 1755 872 1806 ol
890 1754 984 1806 muodo
1000 1770 1035 1806 uer
1052 1756 1118 1809 aule.

217 1876 310 1945 vites
329 1884 441 1943 terram
468 1878 647 1944 fertilem
668 1878 854 1942 uberibus
873 1876 935 1957 (El.
955 1877 979 1958 l,
1000 1883 1053 1942 22.
1075 1878 1182 1962 exta),
1203 1879 1295 1945 tiles

217 1984 329 2030 arces
350 1965 425 2029 ualli
448 1965 705 2043 imminentes,
728 1963 811 2029 vides
833 1963 960 2046 denique
983 1963 1215 2029 scandentes
1238 1985 1296 2030 ar-

218 2069 278 2114 ces.
299 2089 342 2100 -—-
384 2053 423 2115 At
443 2052 536 2114 omnis
556 2052 597 2114 lis
616 2051 676 2114 iam
696 2049 747 2114 rliu
765 2051 929 2134 composita
945 2051 1060 2128 luisset,
1080 2052 1107 2113 si
1126 2053 1185 2115 riri
1207 2049 1294 2116 docti

216 2137 439 2220 inscriptionem
461 2137 591 2220 aliquam
613 2157 632 2201 a
651 2136 838 2214 Muratorio,
865 2135 944 2217 quod
966 2137 1074 2213 sciam,
1097 2138 1193 2219 primo
1236 2155 1294 2200 ro-

216 2222 325 2300 latatn,
354 2223 392 2286 tle
414 2224 497 2287 cuius
519 2223 693 2303 integritate
715 2239 774 2285 uon
795 2221 883 2286 modo
904 2221 1108 2298 Burmannus,
1129 2223 1183 2308 seul
1204 2156 1243 2286 ἃ
1264 2225 1295 2288 ii

218 2309 335 2391 quidem
359 2310 545 2386 dubitarunt,
569 2310 673 2391 quiin
695 2306 994 2372 liuersatenleutes
1017 2309 1168 2375 obstantia
1185 2309 1296 2374 omnia
1324 2361 1327 2367 ,

216 2395 356 2476 negando
377 2397 497 2459 sincere
519 2396 633 2471 solent,
655 2394 795 2458 Douuoln
818 2403 847 2457 et
867 2395 1027 2470 Albertus,
1054 2403 1165 2458 tautum
1194 2415 1296 2476 quam
1385 2459 1388 2469 ,

216 2491 276 2544 tum
304 2480 451 2545 debebant
479 2481 682 2545 attendissent.
737 2480 864 2544 Asisii
892 2481 969 2543 enim
1000 2481 1119 2545 iuuenta
1146 2490 1228 2546 extat
1256 2483 1295 2546 im

216 2567 255 2636 tt,
277 2565 334 2632 nt.
354 2569 446 2634 inser.
465 2577 536 2636 rett.
556 2566 786 2642 MDGCXXlll,
807 2572 839 2632 4.
862 2566 945 2632 bisce
964 2567 1045 2632 notis
1064 2576 1225 2651 concepta:

628 2667 663 2736 G.
684 2669 905 2736 PASSENNIO

656 2756 690 2822 G.
711 2757 746 2820 F.
768 2755 871 2822 SERG

684 2842 843 2908 PAVLLO

649 2927 875 2994 PROPERTIO

680 3013 838 3078 BLAESO

216 3115 391 3200 Propertius
413 3116 488 3181 enim
508 3116 652 3190 blaesus,
675 3116 726 3196 qui
749 3132 769 3177 a
791 3113 824 3177 G.
845 3111 953 3178 Paullo
975 3107 1135 3194 adoptatus
1158 3110 1191 3174 iu
1212 3127 1293 3192 geu-

215 3213 275 3268 tcm
296 3205 487 3268 Passeuuians
515 3213 545 3266 et
566 3201 705 3281 Sergiam
731 3200 839 3264 tribum
859 3199 956 3275 uenit,
985 3199 1057 3280 quin
1084 3197 1161 3260 idem
1185 3198 1292 3274 fuerit,

217 3292 301 3352 cuius
323 3307 430 3353 noman
449 3288 531 3370 apnsl
549 3288 677 3352 Plinium
698 3287 840 3350 minorem
861 3286 908 3349 bis
929 3292 1186 3349 commemoratum
1206 3301 1226 3346 a
1247 3283 1290 3345 li-

215 3375 328 3439 brariis
352 3376 570 3458 promptissimo
593 3391 697 3437 errore
718 3373 927 3437 Passienus
953 3371 1117 3436 Paullus
1144 3371 1288 3451 scriptum

217 3471 279 3538 est,
306 3461 438 3526 dubitari
466 3478 526 3525 non
553 3468 662 3544 potest.
710 3459 825 3523 Plinius
854 3459 929 3522 enim
957 3455 1210 3538 erumpatin,
1233 3456 1287 3519 15.

217 3549 371 3627 elegorum
392 3547 476 3610 illum
497 3549 671 3629 scriptorem
692 3544 779 3607 simul
806 3555 835 3610 et
855 3546 983 3626 equitem
1003 3541 1187 3624 splendidum
1207 3541 1288 3604 inter

216 3636 345 3696 maiores
369 3651 438 3695 suus
459 3635 645 3715 Propertium
670 3650 825 3696 numerare
848 3630 944 3706 dicat,
971 3631 1030 3692 boc
1051 3644 1109 3708 ego
1132 3627 1203 3689 olim
1231 3627 1289 3688 mi·

216 3738 272 3782 nus
293 3719 415 3802 proprie
438 3719 546 3782 dictum
570 3721 614 3782 sic
634 3719 873 3800 interpretabar,
901 3717 988 3798 quusi
1009 3713 1134 3776 materni
1154 3713 1288 3776 fortasse

216 3805 316 3870 Paulli
344 3806 450 3888 proavi
478 3806 665 3888 Propertium
691 3815 809 3885 poetam
835 3820 948 3883 genere
969 3802 1180 3880 contigissent,
1206 3797 1287 3860 unrle

218 3900 257 3972 et
273 3893 393 3954 uomina
415 3891 533 3955 diversa
555 3891 715 3973 explicari,
743 3900 774 3955 et
800 3908 912 3965 meam,
937 3905 1025 3968 pam
1049 3904 1088 3949 ex
1107 3884 1286 3948 carminibus

217 3986 326 4059 poetae
354 3994 565 4059 conceperam,
599 3978 767 4059 opinionem
797 3994 860 4039 cum
887 3974 979 4038 Plinii
1006 3972 1175 4036 testimonio
1203 3977 1287 4031 recte

219 4063 356 4144 componi
376 4081 465 4144 posse
487 4065 658 4140 censebam,
684 4061 798 4125 scilieet
815 4062 1003 4144 Propertium
1023 4075 1170 4138 nunquam
1193 4055 1288 4115 fuisse

218 4151 364 4212 maritum.
406 4150 469 4213 Iam
495 4169 568 4215 sero
597 4167 655 4232 quc
682 4149 849 4212 accuratius
875 4147 958 4210 illum
983 4145 1081 4207 locum
1104 4141 1287 4238 excutiebam

219 4245 251 4299 et
278 4234 403 4297 alterum
429 4254 547 4317 quoque
572 4237 604 4302 in
625 4237 876 4318 comparationem
901 4232 1093 4304 adhibebant,
1120 4243 1156 4290 eo
1178 4234 1288 4289 ceruus

221 4339 339 4384 errasse
353 4339 399 4385 me
418 4323 566 4390 intellexi.
608 4324 656 4388 lta
675 4331 779 4404 aperte
793 4317 1013 4384 enimPaullum
1033 4322 1117 4438 repta
1135 4318 1288 4376 stemmate
