2822 4976
416 311 630 380 PROPEBTll
651 311 714 378 En.
735 313 780 391 ll,
806 311 857 378 16.
878 309 928 378 17.

174 485 250 553 Nun
272 499 405 570 semper
426 482 576 570 placidus
599 483 750 569 periuros
772 481 860 549 ridet
880 486 1030 550 amantes

217 587 362 673 luppiter
384 595 419 653 et
440 585 543 653 surda
563 585 708 675 negligit
729 605 810 654 aure
831 605 963 674 preces.

175 688 319 756 Vidistis
341 695 409 755 toto
431 692 562 756 sonitus
583 707 778 775 percurrere
799 691 903 773 eaelo,

128 801 158 847 ω
217 791 433 876 Fulminaque
454 790 605 858 aetheria
626 790 806 858 desiluisse
827 790 931 859 domo.

174 894 250 960 Nun
270 891 356 964 haee
375 893 533 960 Pleiades
553 895 680 961 faciunt
700 913 809 982 neque
830 913 977 981 aquosus
1000 891 1112 974 Orion,

216 997 290 1063 Neo
309 998 360 1064 sic
382 997 425 1062 de
445 997 545 1065 nihilo
566 999 711 1068 fulminis
731 1001 783 1064 ira
804 998 908 1066 cadit:

174 1097 331 1166 Periuras
353 1105 430 1169 tune
450 1101 507 1168 ille
528 1102 617 1169 solet
637 1105 753 1188 punire
775 1103 916 1189 puellas,

217 1202 390 1289 Deceptus
412 1207 563 1296 quoniam
583 1209 676 1273 flevit
698 1212 732 1274 et
752 1209 828 1292 ipse
849 1205 944 1272 deus.

128 1316 158 1363 ⁵⁵
177 1303 286 1388 Quare
307 1326 351 1374 ne
371 1311 432 1376 tibi
454 1312 499 1376 sit
520 1313 604 1377 tanti
626 1309 766 1378 Sidonis
783 1310 904 1392 vestiS,

217 1411 263 1481 Ut
283 1414 419 1498 timeas,
441 1417 596 1501 quotiens
617 1417 749 1484 nubilus
769 1417 896 1486 Auster
917 1413 989 1497 erit.

614 1587 727 1664 XVII.

174 1697 337 1786 Mentiri
356 1724 505 1801 noctem,
526 1723 701 1805 promissis
722 1719 844 1787 dueere
867 1725 1041 1805 ementem,

216 1818 294 1888 Hoe
315 1820 378 1887 erit
400 1821 543 1889 infectas
566 1824 731 1912 sanguine
753 1821 876 1888 habere
898 1841 1028 1889 manus.

175 1921 301 1989 Horum
324 1943 389 2013 ego
412 1945 485 1991 sum
506 1935 625 2009 vates,
646 1927 799 2012 quotiens
822 1925 979 1993 desertus
1001 1943 1133 1993 amaras

218 2023 365 2112 Explevi
387 2028 670 2112 recesseramus
692 2034 831 2114 utroque
851 2033 934 2094 toro.

144 2128 239 2196 svel
260 2136 296 2195 tu
315 2130 477 2196 Tantalea
499 2149 655 2196 moveare
678 2129 721 2198 ad
742 2131 874 2196 flumina
895 2135 999 2215 sorte,

219 2233 266 2302 Ut
287 2234 395 2318 liquor
416 2236 523 2300 arenti
544 2234 638 2300 fallat
660 2235 701 2300 ab
725 2251 782 2300 ore
804 2235 904 2314 sitim,

121 2348 130 2356 ’
175 2336 239 2403 Vel
261 2342 295 2401 tu
318 2334 498 2420 Sisyphios
520 2335 597 2401 lieet
620 2334 782 2401 admirere
803 2334 946 2417 labores,

220 2441 364 2507 Dillieile
385 2446 421 2506 ut
442 2446 511 2507 toto
532 2414 643 2506 minte
663 2439 791 2508 volutet
812 2458 911 2505 onus:

176 2538 302 2610 Durius
322 2544 358 2610 in
378 2546 479 2609 terris
498 2542 578 2610 nihil
601 2550 655 2611 est
676 2542 762 2630 quud
785 2545 881 2608 vivat
901 2548 1045 2626 amante,

130 2659 160 2705 ¹⁰
218 2647 308 2729 Nee,
329 2643 426 2712 modo
448 2646 480 2710 si
502 2647 637 2732 sapim,
659 2643 745 2731 quod
767 2645 874 2710 minus
897 2662 977 2710 esse
996 2644 1093 2712 velis.

175 2747 280 2836 Quem
301 2747 396 2815 modu
417 2748 547 2815 felicem
569 2747 697 2815 invidia
717 2748 901 2815 admirante
922 2747 1086 2833 ferebant,
1128 2813 1132 2824 ,

218 2855 315 2920 Nune
335 2849 461 2918 decimo
483 2852 638 2920 admittor
658 2854 719 2919 vix
741 2870 805 2942 ego
828 2869 956 2938 quoque
978 2850 1043 2918 die.

175 2953 250 3024 Nee
269 2953 363 3018 iuvat
384 2955 418 3018 in
440 2954 550 3019 triviis
572 2956 665 3020 sices
687 2956 900 3040 requiescere
920 2951 1010 3034 luna,

219 3057 288 3123 Aut
309 3073 370 3141 per
389 3058 531 3122 rimosas
553 3060 684 3128 mittere
703 3057 808 3124 verba
829 3056 932 3126 iures

130 3173 158 3220 rs
176 3162 272 3232 Nune
293 3156 406 3226 iacere
428 3177 448 3225 e
470 3157 552 3226 duro
575 3178 694 3248 eorpus
716 3161 813 3242 lieet,
831 3160 949 3244 impia,
971 3173 1069 3241 saxo,

218 3262 360 3331 Sumere
381 3269 416 3328 et
437 3265 471 3330 in
491 3271 625 3330 nostras
647 3267 727 3332 trita
747 3281 879 3332 venena
898 3279 1026 3329 manus

99 3507 105 3521 ,
199 3457 243 3512 48.
266 3453 359 3523 surda]
381 3454 462 3509 simili
480 3458 521 3516 M.
603 3461 647 3514 49.
672 3456 853 3526 Vidistine,
879 3453 988 3512 Vidistis
1006 3457 1041 3512 D.
1057 3456 1096 3510 11.
1118 3455 1148 3508 V.
1167 3455 1207 3512 Μ.

130 3549 174 3601 5⁰.
200 3540 379 3609 Fluminaque
402 3541 454 3595 llh.
473 3546 510 3600 11.
529 3547 569 3599 Μ.
589 3562 614 3599 r.
638 3545 763 3598 aetherea
783 3547 819 3598 R.
837 3545 891 3612 Ν.,
917 3541 1026 3596 etherea
1048 3539 1101 3596 lli.
1126 3539 1208 3595 dissi-

130 3628 214 3680 luisse
235 3628 266 3676 G-
286 3627 321 3681 D.
336 3627 372 3699 H
391 3625 430 3681 M.
519 3633 562 3686 51.
582 3629 700 3698 peliades
719 3629 771 3684 lib.
798 3627 897 3680 fatiunt
920 3627 957 3682 N.
982 3623 1082 3692 neque]
1104 3641 1154 3677 nee
1171 3627 1206 3678 D.

129 3709 224 3762 horlon
245 3709 278 3766 G.
341 3711 384 3764 52.
401 3708 441 3761 ira
460 3714 563 3773 anull.
631 3715 675 3767 53.
693 3714 752 3782 ills]
772 3711 937 3782 ipserum,
1000 3709 1204 3770 senseritis.

132 3798 176 3849 56.
197 3790 295 3844 nubilis
312 3808 353 3860 aa,
372 3791 485 3846 nubibus
503 3796 545 3849 Μ.

200 3887 288 3940 XVll.
314 3888 472 3954 ,‚eoniuapit
498 3891 531 3947 (i.
555 3891 601 3942 sed
625 3887 740 3942 dubito“
760 3893 784 3944 1.
803 3889 945 3944 Schrader.
982 3891 1008 3940 1.
1030 3883 1154 3939 Mentiris
1175 3886 1207 3941 V.

133 3977 159 4030 5.
185 3972 348 4025 tantaliaR.
427 3977 454 4028 6.
475 3973 525 4028 Vel
546 3977 578 4030 G.
593 3978 630 4028 11.
652 3977 682 4026 V.
699 3976 740 4028 Μ.
814 3978 840 4028 7.
861 3971 993 4024 admirare
1014 3973 1047 4023 G.
1120 3974 1147 4026 o.
1165 3968 1210 4022 iu-

132 4064 177 4113 vat
195 4074 218 4113 r.
245 4062 378 4109 amantem
405 4060 440 4111 ll.
513 4066 638 4114 13-16.
660 4063 735 4112 linae
752 4058 864 4112 disticho
881 4058 909 4108 in
926 4055 1000 4112 codd
1019 4071 1087 4110 omn.
1106 4055 1210 4106 irruerso

127 4141 225 4196 'ardiae
242 4145 362 4208 lepuulrn·
377 4147 572 4204 15.1o.13.1t.
607 4153 649 4200 15.
663 4148 742 4199 Nune
756 4147 816 4198 solo
829 4161 867 4211 u.‚
879 4143 1051 4209 rasropuntur
1068 4138 1130 4192 libri
1146 4153 1210 4192 nass.

134 4225 220 4290 iuvat]
245 4225 307 4275 lieet
331 4240 428 4278 onustes.
505 4231 548 4284 14.
569 4228 717 4298 periniosas
734 4228 773 4282 Ν.
840 4227 884 4280 15.
901 4224 959 4276 Neo
976 4225 1052 4276 Pers.
1076 4235 1161 4273 som.
1179 4221 1213 4276 G.

137 4316 179 4365 16.
201 4314 271 4362 tetre
289 4307 342 4365 no.
362 4311 412 4381 P„
435 4313 500 4367 tatia
517 4330 544 4370 r.
567 4331 636 4371 rena
652 4331 678 4370 r.
702 4315 789 4370 minus
806 4327 849 4384 pr.
868 4327 904 4365 m.
922 4307 976 4363 lib.
