2762 4972
547 331 739 392 Quaestionum
757 331 840 386 Liber
859 332 1000 385 secundus.

232 509 398 584 accusabit,
420 521 544 572 cumea
568 525 646 590 quoe
668 505 803 569 conlusio
826 503 979 581 videatur,
1006 523 1133 568 summus
1154 505 1193 570 sit
1217 505 1295 583 orde,

232 606 262 660 et
288 615 365 676 quae
385 595 467 658 velut
488 613 558 656 casu
584 594 777 656 tumultuante
800 592 936 673 dispersa
957 601 1024 654 sunt
1053 594 1187 671 agmina,
1213 612 1295 674 supe·

230 685 343 744 riorum
367 682 457 744 certis
483 680 571 743 iussis
594 681 681 759 quasi
705 677 827 742 totidem
850 679 908 739 iilis
932 679 1043 757 ubique
1064 698 1166 742 versus
1189 678 1295 741 discur-

231 769 363 830 rentibus
385 766 537 841 adstricta,
557 768 645 826 unius
668 774 740 827 nutu
754 774 783 828 et
804 764 929 826 consilio
943 764 1081 844 prudenti
1095 764 1294 826 administran-

229 865 288 916 tur.
331 855 429 934 Atque
451 855 508 915 boc
529 850 605 913 illud
633 860 692 925 est,
715 869 774 930 quo
794 850 966 930 Propertius
988 852 1114 912 maxime
1137 870 1156 912 a
1177 851 1292 913 Tibullo

228 938 337 1013 differt,
358 939 440 1002 cuius
460 937 621 1019 pellucido,
642 947 674 1000 ut
696 936 864 1010 itadicam,
885 936 1058 1015 simplicitas
1080 946 1189 999 tanturn
1207 939 1294 1013 aben,

228 1032 263 1087 ut
283 1026 356 1087 mibi
374 1023 507 1099 sordeat,
522 1033 555 1087 ut
573 1041 629 1105 pru
643 1023 802 1084 carminum
821 1022 940 1084 illorum
960 1021 1062 1084 indole
1083 1042 1193 1084 suntuna
1212 1023 1294 1086 laude

231 1109 351 1190 dignam
380 1128 445 1172 eam
471 1128 537 1172 esse
564 1108 637 1170 satis
663 1127 754 1188 supra
777 1107 1021 1189 praedicaverim.
1063 1110 1128 1172 lloc
1149 1127 1219 1172 vero
1246 1110 1296 1170 ad·

229 1206 350 1258 notasse
370 1197 487 1258 minime
510 1211 721 1276 supervacuum
740 1194 871 1268 videtur,
897 1195 1007 1255 siccam
1033 1194 1116 1256 illam
1136 1197 1295 1276 perspicui·

229 1290 320 1344 tatem
350 1291 379 1344 et
406 1299 537 1354 normam
563 1281 674 1360 ubique
704 1282 791 1344 anxie
822 1289 968 1342 servatam
995 1284 1159 1361 proximum
1187 1283 1294 1344 babere

228 1369 333 1431 vitium
361 1368 532 1442 maciem,
560 1385 653 1447 quae,
681 1367 818 1428 ubertate
838 1366 953 1444 ingenii
979 1366 1182 1446 dispositionis
1203 1370 1294 1432 nervis

229 1455 432 1532 strangulata,
462 1471 532 1516 ossa
553 1451 672 1533 quidem
698 1463 780 1514 recte
805 1452 905 1513 innota
927 1452 1064 1515 ostendat
1087 1454 1140 1515 sed
1162 1472 1248 1516 carne
1269 1463 1296 1517 et

226 1540 289 1601 vita
306 1541 448 1602 carentia.
491 1538 639 1615 erooirca
652 1557 689 1600 ne
707 1538 762 1600 illa
781 1538 898 1616 quidem
910 1537 1061 1618 Propertii
1081 1541 1212 1602 carmine
1231 1541 1294 1621 plus
1371 1607 1372 1612 γ

229 1643 317 1704 quam
339 1636 439 1688 cetera
465 1626 669 1704 probaverim,
698 1625 728 1685 in
756 1625 862 1704 quibus
884 1625 983 1700 omnia
1011 1625 1102 1688 facile
1131 1625 1293 1702 decurrant,

228 1729 284 1772 nec
306 1730 433 1792 unquam
453 1713 579 1774 transitu
596 1710 803 1792 praeruptioie
825 1718 875 1772 eut
896 1711 1070 1773 obscuriore
1092 1713 1294 1794 enthymemate

229 1796 372 1858 offendas.
415 1797 480 1858 lluc
505 1807 585 1858 certe
606 1814 683 1875 quae
704 1797 851 1877 pertinent
871 1797 941 1858 libri
965 1799 1068 1876 primi,
1095 1799 1155 1860 nisi
1176 1800 1293 1880 primam

229 1883 358 1962 elegiam
379 1883 520 1961 excipias,
541 1882 647 1956 omnia,
669 1883 800 1962 quamvis
822 1877 1006 1944 limatissima
1025 1885 1084 1947 sint
1105 1903 1160 1947 nee
1181 1887 1217 1946 ab
1236 1886 1294 1947 ulla

226 1979 312 2050 parte
334 1968 535 2048 dispositionis
552 1967 692 2030 lectorem
713 1977 872 2043 morentur,
893 1971 949 2031 boe
963 1970 1028 2049 ipso
1042 1973 1196 2054 proprium
1216 1971 1293 2033 illum

226 2054 327 2136 poesis
340 2055 554 2134 Propertianae
567 2053 659 2116 veluti
678 2053 871 2138 χαρακτῆρα
891 2065 998 2136 postea
1017 2060 1114 2136 magis
1137 2057 1293 2120 elucentem

228 2139 386 2221 superficie
407 2140 494 2201 nimis
522 2139 672 2218 laevigata
692 2140 864 2202 oblitterant
886 2149 916 2203 et
943 2142 1077 2204 iuvenem
1098 2163 1118 2205 a
1140 2144 1292 2224 disciplina

225 2227 355 2288 rhetoris
376 2235 523 2287 recentem
549 2225 686 2307 produnt.
729 2226 886 2288 Oratoriae
909 2229 986 2290 enim
1006 2230 1080 2291 artis
1102 2248 1140 2292 ea
1162 2240 1206 2292 est
1228 2247 1292 2310 per·

226 2312 383 2393 spicuitas,
410 2330 497 2392 quam
517 2320 599 2373 reete
621 2313 687 2392 quis
710 2313 798 2374 etiam
819 2312 888 2374 aliis
915 2313 953 2375 de
974 2316 1072 2376 causis
1093 2316 1183 2379 berto
1205 2313 1292 2378 villici

222 2399 456 2479 comparaverit,
482 2398 514 2458 in
536 2414 594 2476 qno
622 2399 762 2459 arborum
786 2416 841 2479 per
866 2400 1057 2478 quincuncem
1085 2400 1291 2483 dispositarum

225 2483 360 2546 ordinem
385 2483 624 2564 reliquarumque
649 2500 749 2546 rerum
774 2483 876 2546 utilem
903 2494 931 2548 et
958 2484 1081 2549 nitidum
1110 2487 1292 2550 distributio-

224 2588 291 2632 nem
312 2569 362 2634 vel
385 2570 514 2644 invitus,
543 2569 719 2651 simulatque
746 2569 915 2645 intraverit,
945 2573 1060 2634 sentiat.
1105 2575 1173 2652 Qua
1200 2583 1292 2637 tamen

174 2685 176 2692 ·
222 2666 287 2719 arte
310 2657 375 2735 quis
402 2673 491 2717 sanus
514 2655 606 2718 multo
632 2655 815 2737 superiorem
836 2658 957 2738 topiarii
984 2675 1050 2720 esse
1077 2669 1183 2740 neget,
1212 2659 1290 2720 cuius

219 2739 443 2823 dispositionem
456 2750 538 2804 tanto
557 2743 653 2820 magis
665 2741 885 2818 admirabimur,
908 2753 1017 2824 quanto
1032 2748 1148 2808 cautius
1168 2747 1289 2807 abscen-

221 2826 314 2891 ditum
341 2826 470 2908 prudens
503 2828 625 2890 artificis
653 2828 808 2890 consilium
833 2839 959 2891 naturae
986 2832 1085 2912 potius
1102 2842 1200 2914 ¹grato
1223 2831 1287 2892 lusu

221 2915 320 2976 omnia
342 2932 429 2994 quam
450 2921 514 2976 arte
536 2913 616 2976 iacta
640 2922 672 2977 ut
693 2913 863 2988 videantur,
891 2916 990 2980 elficit.
1033 2917 1109 2981 llinc
1138 2917 1224 2982 simul
1251 2914 1286 2976 de

218 3000 477 3081 proportione
509 3000 637 3080 partium
671 2998 751 3080 apud
772 3001 960 3081 Propertium
989 3002 1105 3066 frustra
1139 3003 1286 3086 quaestio-

219 3105 285 3148 nem
307 3086 422 3148 institui
448 3094 581 3166 apparet.
625 3085 699 3148 Nam
722 3087 797 3148 hacc
819 3105 875 3166 pro
902 3106 936 3150 re
962 3099 1034 3150 nata
1056 3090 1099 3152 ita
1119 3091 1233 3164 variat,
1254 3094 1285 3148 ut
1371 3149 1372 3158 ,

216 3172 306 3234 ruodo
321 3189 380 3232 uno
398 3187 486 3234 vorsu
503 3171 625 3233 intentio
641 3171 848 3250 redarguatur,
866 3173 954 3236 ruodo
972 3174 1062 3238 latius
1080 3193 1136 3257 per
1154 3172 1285 3254 exempla

217 3268 247 3320 ct
269 3257 378 3318 similia
398 3256 496 3318 oratio
520 3257 717 3337 exspatietur3
741 3259 868 3337 itemque
889 3261 920 3322 in
941 3262 1146 3342 propositione
1168 3271 1197 3325 et
1217 3277 1284 3341 per·

216 3344 362 3406 eratione.
410 3342 593 3421 Quamquam
622 3342 653 3403 in
684 3342 740 3405 lau
768 3363 856 3404 unam
882 3347 1027 3408 rationem
1054 3349 1282 3428 frequentiorem

213 3428 370 3510 Propertio
394 3428 492 3508 possis
514 3427 764 3503 animadvertere,
785 3448 862 3509 quae
888 3449 924 3494 ex
945 3434 1069 3513 piopria
1089 3436 1152 3498 eius
1171 3429 1282 3512 ingenii
1371 3499 1372 3506 ἵ

212 3513 317 3577 indole
337 3521 441 3595 sponte
461 3515 544 3576 nasci
564 3514 689 3576 videtur.
731 3515 807 3578 Nam
827 3533 892 3578 cum
910 3536 966 3598 per
984 3519 1120 3599 impetum
1140 3520 1281 3584 adfinem

213 3601 305 3679 vulgo
327 3594 402 3662 lerr‘i
422 3599 534 3676 soleat,
556 3600 642 3661 simul
661 3607 758 3663 tamen
780 3601 885 3679 etiam,
907 3613 1048 3687 quaeest
1068 3608 1131 3668 eius
1153 3607 1280 3675 ubertas,

214 3687 296 3748 cirea
315 3693 416 3767 partes
437 3685 550 3748 medias
575 3689 606 3747 in
626 3687 738 3748 labulis
762 3694 791 3749 et
810 3687 863 3763 iis,
885 3688 922 3751 de
944 3692 1051 3771 quibus
1074 3691 1215 3765 diximus,
1236 3689 1278 3750 vi·

212 3773 344 3834 sionibus
367 3771 475 3833 diutius
497 3773 629 3847 baereat,
652 3773 761 3836 exitum
781 3791 881 3854 saepe,
904 3777 955 3854 qui
976 3787 1120 3859 superest,
1140 3775 1278 3840 brevissi-

210 3877 256 3921 me
274 3855 430 3920 absolvcre
450 3860 578 3938 cogitur.
621 3859 722 3936 Quare
742 3856 876 3940 plurimis
899 3862 931 3922 in
952 3862 1069 3943 elegiis,
1092 3883 1164 3944 quas
1181 3876 1276 3925 omnes

208 3961 366 4008 recensere
394 3945 572 4024 superfluum
595 3953 654 4020 cst,
682 3981 721 3993 -
751 3945 857 4008 leviter
877 3947 954 4008 enin
977 3950 1084 4030 cuique
1109 3945 1276 4032 inspicienti

206 4037 427 4094 occurrunt-
454 4037 505 4091 ant
529 4046 588 4093 uno
616 4029 764 4093 versiculo
794 4039 846 4094 aut
874 4033 1003 4096 distiebe
1026 4053 1086 4098 nno
1105 4032 1275 4099 clausulam

134 4153 138 4158 -
204 4118 305 4180 elficit.
348 4114 431 4177 Hace
450 4123 549 4178 autem
568 4117 665 4178 omnia
685 4117 807 4196 nequis
829 4137 866 4181 ea
887 4120 1027 4200 opinione
1048 4122 1204 4202 scripsisse
1220 4132 1273 4178 nes

201 4202 368 4276 insimulet,
401 4202 489 4281 qnasi
519 4209 638 4282 poetam
666 4199 705 4266 de
737 4201 885 4266 industria
914 4207 1012 4270 omnia
1041 4207 1121 4290 apud
1149 4212 1271 4270 mentem

201 4299 290 4353 antea
323 4295 464 4352 accurate
496 4285 630 4354 dividere
663 4298 693 4354 et
722 4289 895 4373 ponderatis
930 4294 1049 4357 curiose
1079 4295 1118 4358 ab
1147 4301 1270 4372 utraque
