2762 4972
232 345 308 428 128
548 365 741 425 Quaestionum
759 365 841 419 Liber
860 368 1001 422 secundus.

230 535 393 620 Cleopatra
420 536 538 601 uictura
568 545 643 600 erat.
691 537 766 600 ilino
794 546 947 600 aeternnm
976 536 1144 618 aequalium
1173 535 1311 614 dedecus,

231 627 259 686 si
278 626 431 688 historiam
453 643 536 688 suam
559 633 642 687 tanta
663 623 787 686 infamia
808 624 952 686 macrrlari
974 627 1056 705 passi
1080 634 1196 700 essent,
1218 643 1311 705 appa·

229 711 327 774 rebat.
370 713 521 774 Malorum
550 713 626 772 enim
655 711 780 789 egregia
808 711 889 772 lauta
916 713 1014 772 onnia
1038 713 1136 774 subito
1160 711 1246 792 lapsa
1266 713 1313 772 ia-

230 797 369 859 cuissent.
414 799 489 860 lliuo
512 805 541 859 et
562 797 725 877 periculum
747 797 952 877 superioribus
975 799 1109 860 omnibus
1130 796 1311 876 damnosius,

226 883 299 946 hinc
320 885 449 964 Augusti
470 884 582 946 meritis
605 901 661 964 par
682 881 804 944 nullum.
848 884 952 963 ltaque
973 902 1001 947 r.
1026 887 1093 948 ulla

408 1001 475 1066 Quid
488 981 561 1054 'nuuc
580 1001 718 1068 Tarquinii
734 1001 840 1066 fruetus
857 1003 930 1052 iuuat
951 1004 1007 1054 esse
1025 1017 1129 1054 secures
1145 1029 1182 1040 -

229 1124 273 1276 gp)
299 1121 396 1275 ³¹¹5?
425 1132 512 1205 parte
543 1120 725 1204 respondent
752 1103 802 1200 lri,
835 1123 900 1186 siue
930 1121 1188 1189 coniunctionibus
1218 1122 1313 1206 positi

403 1327 564 1382 Homiilaiis
581 1328 669 1402 spolia
687 1335 713 1379 et
729 1328 791 1379 uicti
809 1306 974 1380 nioarcmeatu
993 1329 1141 1397 Spplioeist
1158 1333 1222 1386 cett.
1241 1383 1244 1388 ,

228 1451 303 1516 Post
330 1449 407 1512 hunc
441 1456 537 1509 autern
567 1465 683 1510 uersum
716 1445 897 1526 intelligitur
926 1448 1018 1511 tacita
1050 1449 1106 1511 illa
1133 1446 1310 1527 indignatio,

157 1595 161 1598 .
230 1555 319 1619 quam
339 1555 367 1600 u.
390 1538 443 1598 49.
465 1535 701 1613 interrogatione
724 1534 876 1595 rhetorica
903 1534 1140 1614 significaverat,
1165 1535 1312 1614 intelligi-

229 1632 280 1686 tur
298 1639 370 1685 uero
389 1622 476 1682 etiam
490 1621 618 1698 Augusti
638 1620 765 1682 uictoria
783 1621 938 1682 humanum
956 1621 1073 1684 modum
1088 1623 1133 1685 ita
1153 1639 1310 1703 superans,

227 1718 261 1771 ut
280 1718 371 1790 poeta
391 1708 451 1768 iam
471 1707 684 1787 particularum
707 1705 800 1770 ueluti
822 1708 1014 1789 compeditus
1037 1709 1135 1790 ruptis
1160 1709 1193 1772 iu
1219 1709 1310 1792 plau·

226 1813 291 1858 sum
313 1803 343 1858 et
365 1793 608 1856 acclamationem
630 1801 788 1872 exsurgat:

399 1914 473 1963 Haec
490 1911 518 1962 di
533 1885 717 1978 *condiderunt
737 1910 799 1962 doec
816 1910 844 1962 di
861 1926 960 1980 quoque
977 1914 1079 1966 moenio
1096 1919 1214 1968 emunt.

225 2033 332 2114 Neque
359 2034 391 2095 iu
418 2031 562 2114 proximis
582 2031 733 2108 uersibus,
763 2032 894 2112 quamuis
917 2032 1081 2097 sidentibus
1109 2035 1168 2097 ianr
1196 2036 1306 2098 sensim

225 2119 382 2182 affectuum
409 2121 521 2193 turbis,
550 2117 754 2181 admirationis
775 2120 821 2181 uis
845 2121 916 2182 illas
939 2124 1120 2201 compositae
1148 2125 1252 2186 mentis
1275 2132 1306 2186 et

224 2207 415 2286 cogitationis
444 2205 565 2267 sobriae
593 2215 683 2268 testes
702 2203 862 2270 'admittit
894 2208 1020 2289 Optime.
1065 2207 1138 2286 Quis
1166 2210 1244 2271 enim
1273 2210 1306 2271 iu

224 2301 284 2358 tum
305 2294 465 2374 praeclara
485 2290 657 2354 laudatione
678 2302 852 2371 argumenta
870 2294 908 2354 ab
930 2303 1056 2374 utraque
1076 2303 1162 2376 parte
1184 2296 1304 2358 curiose

197 2378 392 2461 ,ponderata
414 2388 444 2440 et
470 2378 604 2440 rationes
626 2378 785 2440 subductus
815 2396 912 2459 aequo
933 2382 1031 2442 auimo
1053 2381 1175 2444 tulerit?
1220 2382 1304 2458 Quas

223 2474 319 2540 artes,
347 2466 400 2528 ubi
422 2464 546 2526 humilia
573 2474 681 2527 tractat
703 2466 894 2547 Propertius,
922 2473 1034 2530 tautum
1061 2466 1161 2543 abest,
1190 2477 1224 2530 nt
1252 2486 1304 2530 re·

223 2551 339 2630 fugiat,
367 2551 494 2631 utplus
521 2551 652 2614 tortasse
678 2551 742 2613 illic
769 2562 927 2615 accuratae
947 2553 1127 2634 proprietati
1151 2555 1303 2630 tribuerit,

222 2656 310 2718 quam
332 2647 384 2700 aut
406 2637 560 2712 Tibullus,
583 2647 634 2700 aut
656 2633 825 2719 quicunque
847 2639 979 2702 eiusdem
999 2640 1106 2704 aetatis
1128 2650 1219 2722 poeta
1240 2641 1305 2703 La-

220 2725 311 2789 tinus.
354 2725 430 2787 llinc
450 2723 506 2786 illa
528 2722 569 2802 (ll
576 2753 592 2800 ,·
608 2727 643 2800 6,
667 2729 719 2790 39.
738 2728 825 2804 40.):
889 2738 891 2748 ¹

390 2841 507 2907 laterior
523 2842 606 2892 multo
626 2857 696 2894 cum
719 2845 781 2895 siin
801 2844 842 2894 uel
860 2851 944 2896 matre
961 2845 1002 2896 uel
1020 2845 1114 2912 armis,

425 2910 526 2960 Mirum
543 2911 573 2962 ai
591 2911 623 2962 cle
639 2926 680 2964 nuc
696 2913 754 2963 iure
771 2912 916 2980 triumphat
931 2909 1034 2966 Amor?

217 3013 268 3082 uel
287 3012 349 3090 111,
370 3016 421 3077 14.
442 3009 530 3076 fiua'

392 3130 521 3194 Quodsi
542 3132 604 3183 iura
621 3132 694 3198 fores
710 3149 862 3201 paucasque
877 3135 981 3187 imitatu
1001 3139 1146 3206 Laconum,

424 3200 522 3251 Carior
538 3199 586 3250 loc
604 3215 674 3252 esses
691 3208 720 3252 tu
737 3203 813 3268 mili,
831 3207 935 3270 Bonan,
955 3205 1021 3258 durio
1038 3233 1083 3276 -,

214 3305 264 3372 uel
278 3303 366 3383 adeo,
381 3322 458 3385 quae
469 3303 617 3368 Catullum
631 3324 726 3386 paene
741 3309 789 3370 uel
800 3310 971 3373 Lucretium
987 3313 1113 3394 sapiunt,
1125 3315 1296 3390 ll,17.liu.:
1379 3271 1380 3314 ἶ

382 3425 481 3488 ⁴Quod
502 3429 661 3493 quouruis
678 3429 716 3478 ito
733 3431 784 3496 sit,
803 3420 935 3482 ducatuum
952 3439 1055 3484 cariture
1072 3433 1189 3490 uerebor.

213 3550 324 3616 Verum
344 3548 427 3612 draeo
456 3547 549 3609 alias:
578 3567 655 3611 nunu
684 3549 723 3611 ad
752 3551 974 3614 coniunctiores
1009 3552 1163 3616 brevitatis
1190 3555 1292 3619 studio

215 3637 340 3699 omissas
368 3634 548 3708 redeamus,
568 3654 692 3715 quarum
717 3637 851 3717 exempla
880 3640 1048 3718 promiscua
1070 3637 1294 3724 conpendiaria

211 3724 375 3806 praebent,
406 3735 483 3802 quae
511 3721 607 3801 figura
636 3723 875 3802 lrequernissima
898 3734 942 3786 est
970 3735 1087 3800 nostro,
1114 3731 1292 3808 praesertim

215 3827 280 3872 cnm
307 3808 400 3870 uerba
427 3808 584 3870 interiecta
610 3809 743 3890 breviori
771 3829 859 3872 uersu
887 3809 1094 3886 includuntur,
1123 3814 1153 3874 in
1183 3817 1289 3896 quibus

213 3896 387 3977 saepissime
408 3911 518 3957 causa
540 3896 722 3975 interruptae
738 3898 911 3969 sententiae,
930 3898 1075 3959 interdum
1091 3901 1177 3961 etiam
1200 3911 1291 3963 tem-

210 4000 281 4065 pus
310 3982 487 4043 continetur.
539 3981 584 4045 ct.
611 3981 670 4054 lll,
695 3987 751 4055 12,
775 3988 826 4046 36.
862 3986 919 4056 16,
948 3989 999 4046 32.
1021 3989 1083 4057 nt„
1106 3986 1135 4060 l,
1159 3990 1215 4062 17,
1240 3993 1291 4052 16.

211 4074 270 4142 22,
297 4071 381 4132 69.
418 4067 463 4142 11,
491 4071 777 4140 3,16-12.16.
816 4073 873 4145 12,
897 4074 948 4132 22.
984 4075 1119 4153 2616.
1154 4077 1212 4147 ut,
1237 4079 1289 4136 24.

211 4159 271 4230 29,
295 4158 346 4217 36.
376 4156 412 4227 7,
436 4157 487 4215 21.
518 4157 649 4228 1644.
679 4154 790 4229 lV,l,
813 4158 865 4219 69.
891 4160 927 4229 6,
952 4159 1002 4220 26.
1029 4162 1084 4232 11,
1107 4161 1215 4233 1827,
1238 4163 1289 4223 36.

212 4245 247 4315 1,
271 4243 321 4305 14.
344 4257 428 4321 sqq.,
458 4238 535 4301 unde
558 4239 768 4320 explicandum«
792 4259 857 4304 esse
887 4242 1148 4308 demonstrauimus
1169 4245 1216 4307 El.
1239 4244 1288 4320 lll,

210 4331 269 4405 16,
291 4329 355 4402 31,
377 4325 636 4408 coniecturamque
657 4337 790 4392 nostram
812 4328 990 4393 firmavimus
1011 4329 1127 4407 lV,--4,
1149 4331 1202 4394 65.
1287 4359 1289 4367 ·
