2848 4972
433 409 645 478 Puuraauu
664 409 727 477 BL.
749 411 806 492 lv,
830 405 881 480 ii.

168 585 265 653 Nune
286 581 346 650 ubi
367 579 557 648 commendo
578 582 757 647 eommunia
778 584 917 671 pignora
935 591 1050 653 natos:

213 688 310 755 Haec
332 703 411 752 eura
433 691 467 751 et
489 685 593 750 cineri
612 685 718 769 spirat
737 686 847 751 inusta
869 707 952 754 meo.

129 808 156 853 ra
172 793 328 880 Fungere
350 791 507 856 maternis
528 789 670 876 vicibus,
692 791 801 872 pater:
823 789 881 855 illa
901 809 1046 858 meorum

215 893 331 962 Omnis
354 896 417 960 erit
438 893 521 960 colle
545 892 642 959 turba
662 889 799 958 ferenda
822 899 887 958 tuo.

172 995 298 1069 Oscula
320 1018 392 1066 eum
415 996 548 1078 dederis
571 1004 629 1063 tua
648 995 812 1078 flentibus
833 995 941 1062 adiice
963 1001 1095 1066 matris:

215 1101 300 1168 Teia
322 1101 438 1168 dumus
461 1101 570 1186 eoepit
589 1117 677 1166 nune
699 1117 781 1165 eurus
804 1115 883 1164 esse
902 1106 1001 1165 tuum.

174 1199 221 1269 Et
243 1203 372 1292 siquid
394 1203 553 1271 doliturus
575 1205 655 1286 eris,
675 1203 749 1267 siue
769 1203 910 1269 testibus
932 1203 1013 1269 iliis:

130 1323 159 1368 er
221 1305 302 1374 Cum
323 1309 471 1388 venient,
494 1306 595 1373 siccis
617 1305 734 1373 ascula
752 1305 831 1371 falle
850 1306 960 1393 genis.

174 1410 240 1479 Sat
259 1413 318 1478 tibi
340 1414 407 1478 siut
428 1416 556 1495 nectes,
579 1428 663 1496 quas
685 1408 729 1475 de
748 1427 810 1492 me,
832 1409 960 1488 Paulle,
979 1410 1115 1502 fatiges,

135 1601 137 1608 Α
218 1511 420 1600 Summaque
438 1515 473 1580 iu
493 1514 614 1580 faeiem
632 1511 759 1579 eredita
778 1530 881 1597 saepe
903 1529 1019 1579 meam.

176 1613 288 1701 Atque
305 1617 361 1683 ubi
383 1622 514 1685 secreto
533 1621 648 1683 mustra
668 1613 712 1681 ad
735 1615 910 1681 simulacra
929 1615 1086 1703 loqueris,

219 1717 265 1787 Ut
286 1737 509 1806 responsurae
530 1719 662 1809 singula
683 1719 788 1786 verba
809 1721 895 1784 iaee.

135 1834 162 1880 ee
180 1815 252 1887 Seu
270 1825 381 1888 tumen
401 1819 578 1888 adversum
594 1823 728 1889 mutarit
748 1820 848 1886 ianua
866 1818 998 1906 lectum,

221 1920 357 1991 Sederit
379 1931 412 1991 et
432 1932 547 1993 nostre
567 1931 667 1992 cauta
688 1941 834 1990 noverea
851 1929 935 2006 toro,

181 2019 387 2114 Coniugium,
404 2030 508 2114 pueri,
529 2026 665 2094 laudate
686 2035 721 2093 et
741 2027 829 2093 ferte
847 2031 1033 2113 paternum:

123 2195 127 2204 ,
222 2126 329 2214 capra
350 2129 441 2198 dabit
460 2133 585 2198 vestris
606 2131 750 2199 moribus
772 2131 829 2197 illa
849 2148 976 2196 manus.

179 2228 253 2296 Nee
273 2237 414 2298 matrem¹
430 2233 566 2300 laudate
586 2236 699 2301 nimis:
721 2233 844 2300 collata
864 2233 964 2320 priori

137 2347 165 2390 ³·
224 2331 342 2416 Vertet
362 2336 395 2399 iu
417 2337 561 2400 offensas
582 2334 687 2400 libera
702 2335 807 2400 verba
828 2351 922 2400 suas.
952 2339 954 2344 “

181 2435 253 2507 Seu
270 2454 392 2505 memor
413 2440 469 2505 ilie
490 2458 565 2506 mea
588 2444 761 2506 contentus
783 2439 942 2505 manserit
963 2439 1077 2507 umbra

223 2537 271 2607 Et
288 2543 372 2608 tanti
394 2543 525 2608 eineres
544 2541 682 2638 (iuuerit¹
699 2559 778 2608 esse
796 2559 902 2622 meus,

180 2642 312 2710 Discite
331 2651 501 2712 venturam
522 2648 587 2712 iam
609 2665 697 2714 nune
717 2647 842 2713 sentire
862 2651 1043 2732 senectam,
1060 2665 1062 2671 ⁸
1139 2680 1141 2690 κ

226 2745 373 2814 Caeiibis
394 2749 439 2815 ad
460 2767 558 2815 curas
580 2768 643 2816 nee
663 2754 764 2815 vacet
784 2747 850 2814 ulla
871 2750 939 2815 via.

141 2864 168 2910 ae
185 2841 280 2935 Quod
300 2849 378 2916 mihi
400 2849 581 2917 detractum
603 2856 668 2934 esi,
687 2858 821 2918 vestros
844 2851 986 2918 accedat
1004 2849 1048 2918 ad
1066 2869 1185 2918 annos:

226 2951 324 3019 Prole
344 2969 418 3018 mea
439 2952 586 3018 Paullum
608 2955 659 3020 sie
679 2954 772 3019 iuvet
789 2969 869 3020 esse
890 2971 1015 3020 senem.

184 3054 233 3124 Et
252 3055 339 3122 bene
359 3054 477 3123 habet:
499 3074 673 3142 numquam
696 3063 801 3123 mater
820 3056 973 3144 lugubria
995 3058 1137 3142 sumpsi:

227 3158 329 3224 Venit
346 3159 380 3223 in
402 3159 564 3244 exequias
585 3163 656 3225 teta
678 3163 816 3225 caterva
836 3174 940 3223 meas.

186 3258 301 3328 Causa
319 3268 474 3348 perarata
494 3267 555 3327 est.
583 3263 702 3328 flentes
722 3279 774 3328 me
795 3261 936 3348 surgite,
956 3263 1077 3341 testes,

129 3380 183 3426 'mr
227 3365 316 3433 Dum
336 3368 474 3452 pretium
495 3367 587 3434 vitae
608 3373 708 3455 grata
728 3363 881 3450 rependit
900 3360 1027 3429 humus.

211 3621 256 3671 77.
274 3613 349 3668 adies
361 3614 399 3671 N.
411 3613 464 3671 Hb.
474 3617 510 3669 R.
529 3617 612 3667 mater
620 3615 659 3670 N.
666 3613 717 3667 110.
726 3614 760 3672 D.
772 3615 862 3682 ΚΜ..
881 3615 992 3664 matrem
1009 3611 1046 3660 11.
1114 3612 1158 3664 18.
1166 3624 1212 3662 ee·

143 3702 184 3772 pit
201 3703 239 3755 N.
349 3705 393 3755 79.
412 3701 448 3752 iit
467 3699 489 3752 ai
512 3700 571 3768 quir
595 3700 632 3754 N.
651 3700 704 3754 ni.
722 3702 753 3754 7.
772 3702 811 3756 M.
841 3697 894 3751 erit
917 3696 955 3750 N.
982 3693 1036 3750 Hb.
1054 3695 1091 3747 Π.
1111 3696 1142 3750 V.
1160 3697 1213 3764 M„

143 3805 204 3841 erae
221 3788 256 3840 D.
280 3785 342 3840 ullis
361 3789 413 3854 H„
437 3785 483 3838 iiia
499 3803 524 3839 r.
633 3789 677 3840 81.
696 3789 759 3838 aunt
782 3802 807 3841 r.
832 3785 866 3840 G.
882 3783 914 3838 Δ.
940 3782 974 3846 rie
990 3776 1046 3846 me]
1064 3779 1157 3832 daema
1174 3779 1214 3835 Ν.

144 3872 242 3939 fatigas
253 3875 284 3928 V.
352 3875 397 3927 84.
418 3877 476 3924 tace
493 3873 530 3925 N.
544 3871 596 3927 110.
609 3872 643 3923 D.
663 3873 693 3924 V.
708 3872 748 3924 Μ.
815 3873 859 3924 8⁵.
868 3865 979 3920 mutaris
986 3867 1023 3920 11.
1091 3869 1135 3919 90.
1145 3866 1214 3918 Por-

144 3963 185 4012 tet
199 3975 224 4016 r.
302 3962 347 4013 92.
364 3957 462 4011 dixerit
478 3975 503 4011 r.
520 3959 554 4011 D.
576 3959 608 4010 V.
690 3961 734 4010 94.
753 3958 824 4010 vaiet
839 3956 894 4008 ulia
910 3953 966 4006 vias
986 3951 1025 4005 N.
1107 3953 1152 4007 9⁵.
1169 3966 1214 4017 pr.

145 4061 181 4098 m.
201 4061 252 4098 aar.
269 4047 303 4099 (i.
405 4049 451 4100 96.
473 4043 549 4096 iuvat
562 4060 590 4099 a.
606 4045 661 4108 R..
681 4041 754 4094 iuvet
770 4043 805 4094 D.
821 4043 858 4094 11.
876 4040 907 4095 7.
924 4037 964 4088 Μ.
1066 4037 1110 4089 97.
1128 4030 1159 4083 si
1179 4032 1213 4083 G.

145 4127 199 4188 flu.
210 4149 244 4184 m.
253 4147 278 4186 s.
296 4146 411 4198 uuquam
422 4132 467 4198 0.,
488 4146 621 4197 uunquam
631 4127 697 4197 (bia)
711 4144 736 4180 r.
754 4139 885 4193 nunquam
901 4128 1043 4176 materam.
1052 4121 1089 4171 Η.
1102 4114 1216 4180 iubrigia

146 4217 183 4272 N.
202 4214 264 4286 Hb„
282 4215 383 4269 lubrica
400 4232 425 4270 r.
446 4216 479 4282 Υ.
498 4216 539 4269 Μ.
557 4221 689 4284 sumptum
700 4214 737 4268 N.
746 4213 797 4268 Hir.
807 4215 841 4266 D.
853 4214 888 4265 Η.
903 4212 933 4264 V.
942 4212 981 4262 Μ.
990 4223 1015 4261 r.
1082 4199 1217 4272 98.meas]

147 4318 174 4354 m
194 4319 220 4357 r.
323 4308 367 4356 99.
387 4317 434 4370 per
451 4307 527 4356 orata
544 4318 568 4358 r.
675 4305 733 4356 100.
759 4301 887 4369 rependet
903 4299 939 4351 Η.
