2848 4972
348 329 351 334 ·
419 333 719 403 anonumum.
737 330 903 416 mor.
951 425 953 430 Δ
1157 342 1201 409 oo
1270 325 1274 334 ’

167 504 216 576 Et
236 503 353 593 strigis
374 493 531 570 inventae
552 517 613 589 per
632 500 734 568 bosia
754 501 899 568 iacentia
916 499 1058 589 plumae,

212 608 398 692 Cinctaque
418 607 550 672 lunesto
571 605 671 671 lanea
692 605 778 671 vitta
797 605 881 672 viro.

168 713 209 784 Si
228 709 292 779 non
311 728 403 776 vana
424 713 546 776 canunt
566 725 642 775 mea
661 709 805 790 somnia,
827 705 1022 795 Lygdamc‚
1040 713 1159 795 testor,

211 814 325 880 Poena
343 813 407 878 erit
425 817 504 877 ante
522 827 615 876 meos
638 825 736 892 sera,
755 807 816 874 sed
838 809 965 895 ampla,
983 808 1101 898 pedes,
1202 840 1205 845 ·

165 915 278 982 Putris
301 916 336 979 et
353 913 389 979 in
409 929 516 978 vacuo
537 915 672 977 texetur
693 925 817 975 aranea
835 909 935 994 lecto,

210 1017 373 1086 Noctibus
393 1015 520 1084 illorum
543 1011 682 1080 dormiet
704 1014 781 1099 ipsa
800 1012 926 1082 Venus.

523 1174 801 1226 Pacuuianus

120 1299 151 1345 aa
170 1282 265 1368 Quae
283 1281 345 1349 tibi
366 1281 397 1346 si
418 1279 511 1346 veris
533 1279 652 1344 animis
674 1279 730 1345 est
752 1281 872 1364 questa
892 1275 1014 1366 puella,

210 1383 286 1452 Hac
308 1380 424 1450 eadem
443 1399 577 1464 rursus,
599 1376 793 1468 Lygdame,
814 1396 910 1446 curre
933 1381 1003 1462 via,

167 1486 216 1558 Et
235 1505 311 1554 mea
331 1506 402 1554 cum
423 1484 534 1550 multis
554 1482 701 1548 lacrimis
720 1478 877 1548 manda‘ta
895 1486 1040 1570 reporta,

210 1589 315 1672 ham,
337 1607 401 1656 nou
421 1585 559 1654 fraudes
581 1603 662 1653 esse
682 1587 718 1652 in
737 1603 849 1652 amore
868 1603 952 1652 meo.

168 1694 225 1762 Me
247 1711 378 1781 quoque
398 1691 559 1759 consimili
580 1690 766 1775 impositum
785 1690 970 1774 torquerier
990 1689 1062 1778 igni

122 1810 153 1855 4⁰
213 1795 332 1862 lurabo
356 1800 392 1862 et
410 1795 464 1862 bis
486 1811 550 1860 sex
571 1793 704 1880 integer
726 1807 805 1857 esse
826 1791 910 1857 dies.

169 1895 264 1981 Quod
286 1895 365 1964 milri
386 1898 417 1963 si
437 1903 529 1962 tauto
547 1896 630 1962 felix
652 1893 936 1962 concordiabello

211 1999 391 2083 Extiterit,
413 2016 473 2088 per
491 2016 561 2085 me,
581 1997 775 2088 Lygdame,
795 1998 880 2065 liber
900 1997 979 2066 eris.

619 2183 697 2258 VII.

169 2297 281 2403 Ergo
302 2314 465 2382 sollicitae
483 2320 518 2380 tu
540 2332 663 2398 causa,
681 2317 841 2402 pecunia,
861 2316 953 2382 vitae
973 2319 1030 2382 es!

211 2419 278 2485 Per
297 2423 332 2484 te
351 2421 556 2484 immaturum
576 2419 691 2484 mortis
711 2417 840 2486 adimus
860 2419 935 2485 iter.

108 2557 110 2561 ·
167 2521 219 2590 'l'u
240 2522 333 2586 vitiis
352 2519 516 2587 hominum
537 2518 684 2587 crudelia
703 2521 824 2607 pabula
846 2521 1005 2606 praebes:

210 2621 349 2690 Semina
368 2640 518 2688 curarum
538 2619 582 2687 de
604 2623 712 2708 capite
731 2629 804 2688 orta
825 2628 891 2688 tuo.

133 2725 219 2792 s'l'u
238 2724 375 2791 Paetum
396 2719 439 2790 ad
457 2721 599 2790 Pharios
621 2721 812 2789 tendentem
833 2722 937 2788 lintea
954 2724 1070 2807 portus

211 2825 333 2896 Obruis
352 2829 470 2894 insano
489 2834 608 2914 terque
628 2832 811 2913 quaterque
829 2825 924 2892 mari.

167 2933 256 2998 Nam
274 2929 351 2996 dum
369 2937 405 2996 tc
423 2933 591 3017 sequitur,
611 2933 714 3016 primo
735 2932 837 2996 miser
855 2926 982 2995 excidii
1002 2943 1101 3010 aevo,

210 3033 258 3102 Et
276 3051 367 3100 nova
387 3033 575 3122 longinquis
596 3035 744 3134 piscibus
767 3051 848 3100 esca
868 3037 979 3098 natat:

167 3136 216 3207 Et
241 3143 345 3203 mater
367 3155 432 3203 non
454 3139 545 3203 iusta
567 3139 645 3222 piae
667 3135 751 3204 dare
773 3135 886 3204 debita
905 3144 1028 3217 terrac,

126 3238 974 3328 ”memmmwffl

168 3341 241 3412 Sed
263 3350 324 3411 tua
344 3363 431 3411 nunc
452 3344 607 3412 volucres
630 3349 744 3412 astant
766 3361 867 3431 super
889 3361 970 3410 ossa
991 3339 1151 3423 marinae,

211 3451 309 3517 Nunc
330 3450 391 3518 tibi
412 3471 471 3537 pro
491 3451 613 3521 tumulo
636 3449 851 3539 Carpathium
874 3457 970 3517 omne
988 3465 1079 3516 marc
1102 3450 1168 3513 esi.

195 3661 241 3709 29.
259 3653 343 3722 stygis
357 3673 383 3712 r.
401 3657 518 3710 rotantia
533 3659 565 3712 G.
618 3661 661 3712 30.
677 3660 825 3726 Iunctaque
837 3662 875 3712 H.
892 3655 946 3710 vita
957 3641 994 3707 N.
1006 3651 1071 3722 Hb„
1089 3651 1159 3706 ricta
1173 3653 1207 3709 G.

127 3748 171 3798 31.
187 3742 287 3794 codrrnt
303 3743 333 3798 V.
360 3743 446 3808 Lygd.
459 3759 544 3800 somn.
557 3745 597 3796 M.
617 3743 771 3810 Lygadame
784 3745 834 3810 Ν..
852 3743 985 3808 aligdame
1000 3743 1044 3809 0.,
1062 3739 1169 3804 lygdmo
1181 3753 1207 3795 r.

124 3830 168 3881 34.
186 3827 300 3881 dormiat
317 3830 349 3882 G.
360 3833 398 3882 H.
459 3835 504 3884 30.
522 3830 597 3882 Haec
613 3845 638 3882 r.
657 3831 797 3894 lygadamc
814 3855 849 3867 -
867 3829 936 3880 viam
952 3826 991 3878 N.
1048 3829 1094 3881 39.
1111 3840 1209 3892 quor.-

124 3911 227 3964 consoli
244 3912 299 3980 N.,
324 3929 385 3966 cunr
404 3911 486 3966 simili
508 3915 540 3970 G.
558 3929 582 3965 r.
672 3915 717 3965 40.
736 3913 849 3964 Iurabor
865 3913 901 3964 R.
928 3915 956 3963 et
975 3926 1026 3965 om.
1043 3909 1099 3966 Hb.
1113 3911 1152 3965 H.
1172 3907 1204 3961 V.

124 3997 166 4051 41.
183 3996 262 4050 Quod
282 3996 334 4049 nisi
352 4003 380 4049 et
396 3997 433 4053 N.
505 3999 549 4050 42.
568 3995 708 4060 lygadame
726 3995 764 4049 N.
879 4031 881 4040 .

190 4081 257 4146 vn,
277 4087 302 4136 1.
319 4081 428 4146 Ergone
445 4085 483 4139 H.
503 4097 532 4135 es
550 4097 600 4132 om.
617 4083 657 4136 N.
680 4077 708 4148 (2
724 4083 763 4133 sic
780 4083 823 4148 m,
840 4079 1038 4152 nibil-equidem
1055 4073 1201 4142 adnotavi.)

107 4169 148 4218 ·3.
167 4167 290 4236 praebes]
310 4171 384 4238 pales
400 4167 456 4222 Hb.
514 4173 540 4222 4.
559 4153 668 4223 Semina
685 4188 710 4226 r.
767 4177 794 4224 7.
813 4171 881 4223 extit
897 4186 941 4238 pr.
953 4187 988 4227 m.
999 4168 1054 4222 Hb.
1106 4171 1132 4221 8.
1152 4181 1202 4218 uo·

121 4251 165 4318 ra]
183 4253 274 4316 longa.
336 4257 363 4306 9.
381 4253 418 4305 nt
438 4255 470 4308 G.
490 4252 534 4320 pic
552 4255 601 4320 P.‚
619 4253 665 4320 pia
681 4270 707 4307 r.
776 4257 817 4310 10.
835 4253 872 4306 Ut
889 4255 927 4305 H.
993 4259 1035 4309 11.
1053 4249 1200 4306 odauntll.
1308 4285 1310 4288 -

122 4341 163 4390 12.
180 4337 314 4406 capotium
334 4341 367 4397 G.
391 4344 433 4393 cst
452 4356 503 4396 om.
525 4340 601 4395 (1.9.
620 4355 662 4410 a.,
686 4339 761 4393 addit
782 4341 812 4394 V.
