2848 4972
247 361 292 428 78
563 347 779 422 PliOPliR'l'Il
796 347 862 416 El..
880 343 930 430 Π,
951 345 1006 420 32.

289 524 337 596 Et
357 523 472 594 creber
492 521 640 612 platonis·
656 521 784 610 pariter
802 521 1016 609 surgentibus
1035 520 1128 611 ordo,

330 619 481 696 Flumina
503 629 611 714 sopito
631 643 783 716 quaeque
800 625 940 702 Marone
960 625 1092 712 cadunt,

244 745 272 791 ¹⁵
290 730 338 799 Et
357 733 477 799 leviter
496 729 637 817 lymphis
658 735 729 798 tota
752 732 996 814 crepitantibus·
1011 730 1094 796 urbe

333 834 413 902 Cum
437 835 545 900 subito
565 835 680 900 Triton
703 851 760 899 ore
782 833 933 902 recondit
952 852 1083 918 aquam.

288 939 431 1005 Falleris
437 985 448 1022 ,
469 939 537 1003 ista
559 939 607 1003 tui
630 937 751 1002 lurtum
772 939 831 1002 via
851 944 1014 1003 monstrnt
1036 938 1179 1004 amoris:

332 1043 408 1108 Non
431 1041 560 1122 urbem,
583 1038 738 1122 demenS,
761 1039 884 1105 lumino
906 1047 1022 1106 nostra
1043 1041 1152 1129 fugis:

287 1145 344 1238 Nil
366 1146 458 1233 agio,
479 1143 621 1210 insidias
643 1146 676 1207 in
699 1162 750 1209 me
772 1146 939 1228 componis
962 1146 1092 1228 inanes,

222 1257 271 1336 ¹2⁸
331 1245 457 1312 'lendis
479 1247 570 1310 iners
593 1243 689 1310 docto
711 1245 796 1309 retia
818 1250 897 1309 nota
919 1243 1007 1310 milri.

286 1346 360 1417 Sed
383 1347 425 1414 de
447 1349 628 1413 meminus
651 1352 721 1412 est:
742 1346 854 1412 lamae
875 1349 1005 1412 iactura
1026 1345 1169 1434 pudicae

329 1455 439 1520 Tanta
459 1452 519 1519 tibi
540 1454 702 1533 miserae,
726 1458 849 1538 quantu
870 1456 1027 1535 mereriS,
1050 1457 1122 1520 erit.

287 1558 403 1642 Nuper
425 1557 511 1621 enim
534 1553 577 1621 de
598 1562 632 1620 te
655 1561 791 1620 nostros
813 1574 865 1621 me
886 1556 990 1623 laedit
1012 1556 1055 1622 ad
1076 1575 1180 1624 aures

330 1662 455 1727 Rumor
477 1665 511 1724 et
531 1661 564 1723 in
587 1664 659 1724 tota
681 1677 746 1723 non
769 1659 873 1724 bonus
897 1659 978 1726 urbe
998 1659 1080 1725 suit:

245 1779 272 1826 nt
289 1758 362 1830 Sed
383 1766 420 1826 tu
441 1778 507 1826 non
531 1759 634 1825 debes
657 1760 809 1824 inimicae
831 1759 970 1826 credere
989 1759 1143 1848 linguae:

330 1862 472 1948 Semper
497 1862 653 1928 formosis
675 1861 787 1928 fabula
809 1879 917 1948 poena
939 1864 1011 1929 luit.

288 1970 365 2036 Non
387 1973 445 2033 tua
467 1965 631 2051 deprenso
656 1963 812 2031 damnata
834 1972 888 2032 est
909 1966 998 2031 fama
1019 1983 1168 2037 veneno:

331 2072 445 2138 Testis
468 2072 537 2134 eris
559 2087 680 2155 puras,
703 2069 855 2152 Phoebe,
875 2069 993 2135 videre
1014 2089 1149 2136 monus:

218 2216 220 2224 π
285 2173 348 2244 Sin
369 2181 477 2240 autem
499 2174 599 2261 longo
619 2192 687 2239 nox
707 2192 773 2239 una
794 2180 853 2240 aut
874 2173 980 2240 altera
1000 2173 1075 2238 lusu
1164 2231 1172 2239 ,

244 2293 272 2338 au
333 2276 535 2363 Consumpta
557 2283 628 2360 est,
649 2295 715 2343 non
736 2294 789 2341 me
811 2278 946 2342 crimina
968 2293 1075 2362 parva
1095 2279 1241 2343 movent.

287 2383 455 2472 Tyndaris
479 2387 617 2448 externo
640 2383 779 2467 patrium
801 2383 942 2446 mutavit
963 2398 1086 2462 amore,

330 2488 379 2558 Et
400 2490 474 2555 sine
496 2486 631 2553 decreto
653 2489 734 2553 viva
754 2486 893 2552 reducta
916 2485 1044 2562 domum
1064 2489 1129 2552 est.

285 2589 367 2678 Ipsa
388 2591 522 2673 Venus,
544 2591 697 2676 quamvls
721 2595 874 2674 corrupta
897 2588 1033 2654 libidine
1054 2589 1187 2675 Martis,

328 2693 404 2759 Non
424 2693 532 2756 minus
554 2693 588 2756 in
610 2691 704 2757 caelo
725 2708 857 2776 semper
878 2689 1020 2756 honesto
1041 2691 1115 2772 fuit,

242 2811 270 2858 au
286 2794 448 2880 Quamvis
470 2792 530 2860 lda
551 2795 661 2860 Parim
684 2800 853 2880 pastorem
878 2792 969 2860 dicat
990 2811 1126 2860 amasse

329 2903 441 2986 Atque
462 2900 549 2964 inter
570 2899 719 2984 pecudes
741 2899 940 2965 accubuisse
962 2896 1068 2963 deam.

285 2999 362 3068 Hoc
383 3005 418 3065 et
438 2998 710 3083 Hamadryadum
732 2999 899 3084 spectavit
920 2999 1019 3064 turba
1040 3015 1202 3082 sororum,

329 3101 502 3188 Silenique
523 3119 644 3186 senes,
667 3109 702 3168 et
723 3109 819 3188 pater
839 3104 914 3187 ipse
935 3100 1038 3183 chori,

283 3205 366 3276 Cum
387 3207 508 3297 quibus
527 3204 632 3273 Idaeo
653 3207 769 3295 legisti
790 3224 888 3292 poma
908 3206 970 3272 sub
991 3209 1098 3288 antro,
1188 3209 1193 3226 ’

308 3425 350 3477 13.
370 3419 463 3473 creber
481 3418 583 3488 pariter
602 3421 717 3491 platanis
738 3421 823 3480 e.1e.
842 3423 892 3492 2.,
917 3421 1031 3490 platanis
1052 3420 1145 3473 creber
1161 3419 1259 3488 pariter
1273 3417 1307 3470 N.

170 3496 172 3499 ⁵
210 3506 215 3518 ’
241 3505 397 3574 urgentibus
415 3504 469 3562 Hb.
486 3507 521 3562 n.
538 3512 575 3559 H.
593 3509 632 3562 M.
653 3511 685 3563 G.
704 3510 741 3562 N.
759 3525 784 3563 r.
854 3513 896 3561 1⁵.
914 3508 970 3560 Tot
988 3508 1019 3560 P.
1037 3501 1152 3574 nimphis
1169 3509 1222 3574 N.‚
1240 3521 1309 3568 nym-

239 3587 471 3661 phalerion.
534 3596 576 3642 16.
596 3593 718 3645 recondit
736 3592 790 3650 Hb.
847 3598 890 3646 17.
910 3592 1000 3646 furtim
1018 3591 1071 3645 Hb.
1133 3598 1174 3646 19.
1192 3591 1247 3656 agit
1262 3589 1307 3643 Hb.

239 3681 284 3731 20.
302 3676 331 3728 in
348 3675 408 3729 herr
426 3674 479 3730 Hb.
551 3681 594 3731 21.
614 3677 701 3730 minor
716 3683 754 3732 H.
778 3684 841 3746 post
858 3679 945 3730 famae
967 3679 1093 3730 inseritur
1111 3683 1138 3729 et
1155 3693 1197 3742 pr.
1212 3693 1244 3730 m.
1260 3673 1306 3729 Hb.

239 3761 384 3833 pudicitiae
400 3763 438 3818 N.
513 3767 556 3815 22.
575 3768 693 3815 meretur
711 3764 765 3832 N.,
789 3762 899 3817 mineris
920 3766 954 3819 G.
1029 3766 1072 3815 23.
1090 3768 1181 3814 nostra
1198 3761 1248 3814 Hb.
1266 3759 1307 3823 N„

237 3851 343 3901 nostras
358 3848 390 3902 G.
409 3845 530 3915 pervenit
544 3849 588 3900 G.·
629 3852 672 3901 27.
686 3849 743 3916 tua]
757 3854 784 3900 tn
800 3851 837 3901 H.
855 3849 1003 3915 depraenso
1019 3849 1062 3914 G„
1083 3847 1245 3913 deprehenso
1259 3841 1306 3896 Hb.

238 3931 405 4007 phamas-Hb.
471 3937 514 3989 28.
533 3913 584 3987 erit
600 3949 625 3990 r.
645 3948 687 4000 a,
707 3935 761 3986 eris
779 3935 814 3988 D.
834 3949 902 4002 pura
918 3949 961 4000 pr.
978 3949 1013 3986 m.
1032 3932 1068 3984 N.
1088 3932 1194 3982 vincere
1213 3927 1306 3980 Phoebe
1391 3955 1392 3996 p

238 4035 332 4073 manus
348 4019 425 4081 Perr.
476 4025 518 4074 29.
537 4023 603 4073 luxu
620 4022 653 4071 G.
664 4025 699 4074 H.
715 4021 745 4077 V.
799 4024 844 4073 30.
861 4018 959 4070 serinia
976 4035 1019 4085 pr.
1037 4033 1072 4072 m.
1086 4017 1124 4076 N.
1179 4021 1221 4067 31.
1239 4013 1306 4076 'lpu-
1391 4003 1392 4032 a

238 4107 309 4160 deris
325 4108 357 4159 G.
377 4104 487 4158 metavit
503 4107 539 4158 N.
611 4112 655 4160 32.
676 4114 717 4158 est
736 4108 820 4159 medin
839 4121 918 4158 uerso
935 4106 1028 4173 11.Δ.,
1049 4104 1085 4154 cd
1104 4101 1180 4166 finem
1197 4099 1306 4154 reiicioot
1391 4103 1392 4106 ’

241 4195 324 4248 ΕΓ.
376 4197 418 4246 33.
439 4193 570 4260 quamvis]
590 4193 674 4246 fertur
687 4193 725 4250 N.
784 4195 828 4245 el.
847 4191 905 4243 Nec
922 4192 959 4248 N.
977 4193 1009 4242 G.
1022 4191 1054 4241 Δ.
1066 4205 1090 4244 r.
1141 4193 1183 4242 33.
1203 4182 1304 4256 pariN..

237 4279 301 4347 Pari
318 4279 360 4346 R,
379 4278 459 4331 Parin
477 4279 520 4345 A„
538 4278 675 4346 ydnparim
694 4278 748 4333 Hb.
823 4283 866 4333 37.
885 4277 947 4328 Non
965 4277 1046 4328 etiarn
1064 4275 1242 4326 amadriadum
1258 4264 1303 4323 Hb.
1391 4263 1392 4266 ’

237 4364 367 4432 spectabit
383 4378 409 4420 r.
476 4367 519 4417 38.
538 4361 609 4415 senis
626 4359 679 4415 Hb.
697 4363 735 4418 N.
753 4377 778 4418 r.
794 4365 833 4416 Η.
848 4365 880 4416 *et
896 4359 998 4429 pariter
1014 4355 1070 4414 Hb.
1089 4355 1143 4411 tori
1159 4373 1185 4411 r.
