2806 4974
242 357 319 446 ¹188
560 360 752 436 Quaestionum
770 375 852 432 Liber
869 374 1012 434 secundun.

241 550 370 612 obscuro
393 547 510 630 patriae
537 548 647 630 angulo
674 533 800 630 penates
819 565 889 612 snus
915 548 1063 612 uolneriti
1104 543 1210 622 Adde,
1233 543 1308 628 quod
1389 577 1390 626 ;

64 674 67 682 κ
155 701 161 718 Ι
242 654 340 699 sermo
362 635 487 696 Latinus
509 646 568 699 tum
592 635 705 698 demtum
726 637 821 698 cultius
849 643 879 698 et
906 636 1053 716 expetitus
1080 634 1146 716 ipse
1168 634 1306 713 quodan-

243 721 331 784 modo
364 731 553 800 argumenta,
587 723 618 784 in
647 723 753 803 quibus
781 724 859 786 vires
891 731 1060 796 exerceret,
1091 720 1308 800 circumspicie-

241 809 304 872 bat.
346 807 429 872 Adde
449 808 528 886 quod
549 810 686 887 integrae
705 809 800 882 uires,
820 807 901 888 quod
924 825 1029 870 recens
1050 805 1090 867 ad
1110 807 1230 869 litteras
1251 814 1306 867 tum

241 893 355 956 demtum
378 904 512 974 rupertus
536 904 581 957 est
600 896 735 976 impetus.
777 894 864 974 Apud
883 893 1099 956 Alexandrinus
1122 893 1225 954 omnia
1242 908 1308 953 con·

238 991 296 1044 tra.
341 979 465 1042 Deiecta
487 981 630 1058 Graecia,
652 998 774 1043 euersae
797 982 946 1056 ciuitates,
967 981 1082 1042 externi
1104 996 1210 1058 reges,
1231 977 1307 1041 saeui

240 1065 361 1128 domini.
404 1066 450 1128 Ea
471 1067 537 1148 ipsa
558 1069 738 1142 antem,·cni
761 1067 832 1129 olim
853 1067 979 1129 Graecia
1000 1067 1147 1127 historiae
1169 1081 1243 1126 suae
1264 1064 1307 1125 la·

239 1171 317 1216 mam
346 1152 506 1228 debuerat,
538 1155 686 1216 ciuitatum
716 1152 900 1232 singularum
935 1153 1035 1215 libera
1067 1161 1219 1233 potestas,
1251 1169 1306 1230 qna

240 1240 403 1302 minutatim
426 1238 539 1301 diuisae
566 1251 669 1318 gentes
693 1241 878 1320 publicarum
900 1255 998 1301 rernm
1019 1257 1119 1301 omnes
1147 1236 1305 1319 participes

241 1335 355 1399 essent,
385 1326 458 1386 haec
484 1328 552 1406 ipsa
583 1317 765 1405 αὐτονομία
792 1327 946 1406 potissima
976 1326 1135 1387 communis
1165 1323 1306 1405 perniciei

239 1430 340 1473 canusa.
384 1413 458 1474 Nam
487 1422 519 1474 ut
548 1412 610 1474 alia
636 1425 767 1488 taceam,
793 1411 976 1492 perditorum
1004 1429 1116 1472 morum
1137 1408 1305 1492 pestilentia

237 1515 277 1561 ne
305 1497 451 1559 minimum
480 1498 597 1578 quidem
618 1499 757 1580 oppidum
781 1499 958 1576 contagione
984 1496 1111 1559 liberum
1134 1496 1304 1578 reliquerat.

238 1585 297 1649 Vir.
317 1585 454 1654 Aetoliae
483 1595 619 1665 pastores
649 1587 797 1666 simplices
822 1593 1044 1660 remanserant,
1072 1582 1125 1645 sed
1154 1583 1207 1665 qni
1234 1599 1304 1642 nnn-

238 1689 326 1752 quam
354 1671 554 1733 humaniorem
581 1672 688 1734 cnltnm
716 1672 914 1734 affectassent.
958 1671 1035 1732 Tum
1055 1688 1128 1732 uero
1150 1669 1304 1732 intestinae

236 1759 344 1819 turbae
368 1767 396 1820 et
417 1757 552 1822 crudelia
573 1758 668 1832 bella,
691 1775 755 1819 cum
778 1777 878 1820 omnies
900 1757 1033 1819 ciuitates
1055 1758 1173 1838 pariter
1194 1757 1224 1816 in
1246 1771 1303 1832 rne-

237 1843 289 1906 dio
311 1845 428 1923 positae
447 1854 559 1917 essent,
580 1845 654 1906 nulli
675 1853 882 1924 pepercerant.
926 1844 1042 1926 Ubique
1060 1853 1163 1906 terror
1185 1852 1214 1905 et
1235 1841 1303 1917 tuga
1336 1889 1339 1902 .

238 1939 269 1992 et
303 1930 457 2005 tumultus,
490 1931 599 2011 ubique
632 1932 748 1992 urbium
780 1941 809 1993 et
832 1942 983 2009 'agrorum
1016 1931 1154 2004 nestitae,
1186 1928 1302 1990 miseria

239 2016 348 2094 ubique
375 2014 428 2092 (cf.
457 2017 552 2079 instar
580 2018 704 2080 omninno
732 2018 877 2096 llroysen.
907 2016 944 2078 de
970 2016 1054 2078 Alex.
1082 2014 1302 2078 successoribus

236 2100 296 2175 ΙΙΙ,
317 2105 346 2163 3.
365 2102 429 2164 init.
449 2120 479 2182 p.
499 2101 600 2181 422).
645 2102 721 2178 erid
742 2105 859 2178 mirum,
883 2101 962 2182 quod
984 2111 1043 2164 tam
1067 2101 1141 2164 diris
1164 2098 1302 2181 tempori·

234 2188 291 2252 bns
313 2187 399 2250 'simul
420 2205 484 2250 cum
506 2207 619 2253 morum
641 2189 905 2269 disciplinandum
926 2188 1070 2251 sermonis
1093 2189 1204 2252 Graeci
1228 2202 1301 2267 pura

235 2272 382 2336 l'acilitate
412 2274 531 2356 perdita
558 2276 680 2336 Athenis
713 2275 818 2338 mediis
842 2276 939 2339 Attice
975 2274 1060 2354 loqui
1089 2275 1179 2336 obliti
1213 2269 1300 2334 sunti
1393 2335 1394 2346 ,

236 2359 299 2440 (Gi.
313 2359 423 2423 Bernh.
438 2361 506 2424 hist.
518 2361 575 2424 litt.
590 2360 711 2424 Graeco.
727 2361 750 2424 Ι.
769 2381 799 2444 p.
812 2364 885 2426 353.
899 2380 964 2444 sqq.
981 2362 1051 2424 coll.
1066 2379 1096 2443 p.
1109 2359 1199 2441 390.)
1240 2357 1300 2420 lam
1393 2371 1395 2432 ξ

233 2462 310 2511 uero
339 2447 369 2507 in
397 2448 454 2511 illa
480 2448 598 2510 immani
626 2448 794 2512 calamitate
821 2449 938 2510 unicium
961 2448 1116 2512 Musarum
1144 2445 1300 2525 retugium,
1394 2447 1395 2450 ’

233 2549 303 2597 mox
324 2534 406 2595 orbis
432 2533 566 2598 cultioris
587 2543 705 2608 uertex,
726 2534 909 2598 Alexandria
929 2542 1018 2614 caput
1040 2532 1144 2615 populi
1172 2528 1301 2603 barbari,
1394 2543 1396 2602 f

233 2619 358 2695 abiecti,
385 2620 502 2684 insanis
532 2621 586 2700 (ci.
611 2621 650 2682 ad
674 2620 764 2703 Prnp.
783 2621 843 2696 ΙΙΙ,
866 2624 923 2697 ll,
943 2622 994 2684 39.
1014 2638 1080 2701 sqq.
1107 2621 1242 2701 lnterpp.
1264 2613 1302 2678 ad
1395 2639 1396 2674 π

232 2705 363 2770 'l'beocn
377 2705 523 2770 Adoniaz.
544 2708 598 2772 50.
617 2707 714 2769 quen.
734 2708 797 2771 Sat.
813 2707 867 2783 ΙΧ,
881 2709 933 2770 84.
954 2707 1020 2781 XV,
1035 2711 1088 2772 46.
1117 2701 1300 2782 Bernhardy.
1395 2723 1396 2726 ¹

231 2793 254 2856 l.
275 2791 298 2854 l.
321 2811 350 2874 p.
373 2794 471 2873 350).
515 2795 584 2875 lpse
603 2793 736 2857 Nilotica
756 2795 844 2856 turba
870 2794 1003 2856 sentinae
1032 2810 1069 2854 ex
1091 2795 1227 2855 omnibus
1248 2806 1299 2871 po·

211 2877 311 2961 'pulis
340 2885 369 2941 et
397 2881 564 2944 ciuitatibus
590 2878 715 2943 banstae
744 2881 916 2961 congluries
947 2878 1065 2958 (Polyb.
1087 2878 1227 2956 XXXIV,
1250 2877 1297 2938 14.

230 2965 393 3030 Drumann.
416 2966 453 3028 de
475 2969 564 3029 rebus
582 2965 830 3030 Ptolemaeorum.
872 2965 1058 3044 Bernhardy.
1076 2965 1097 3027 l.
1116 2965 1137 3027 l.
1156 2984 1188 3047 p.
1202 2958 1297 3038 352).

230 3051 288 3116 Vel
311 3052 414 3132 optimi
435 3048 509 3128 riri,
538 3062 567 3116 et
593 3051 759 3115 litterarum
787 3051 868 3133 qnod
896 3062 1052 3132 supererat
1078 3070 1180 3114 rernnr
1203 3051 1304 3120 decus,

230 3139 331 3220 patria
354 3149 452 3202 tamen
479 3137 602 3220 profugi
629 3140 693 3201 illic
721 3139 889 3202 exulabant.
932 3140 995 3201 Nec
1022 3137 1184 3218 quidquam
1211 3137 1241 3198 in
1263 3149 1296 3195 eo

231 3224 323 3287 exilio
344 3226 532 3300 inuenerunt,
555 3239 613 3306 qno
634 3234 790 3307 poetarum
811 3225 934 3305 ingenia
956 3225 1091 3299 excitari,
1108 3226 1160 3299 ali,
1182 3217 1297 3286 incendi

230 3311 339 3374 solent.
383 3312 428 3372 An
448 3321 482 3375 tu
508 3313 580 3373 mihi
607 3312 695 3374 aulae
716 3313 822 3388 regiae
845 3311 1028 3392 splendidam
1053 3309 1296 3392 magnificentiam

229 3398 466 3459 commemoras?
492 3415 569 3477 qnae
591 3415 663 3460 reru
684 3397 801 3478 pulchri
829 3416 917 3460 sensu
939 3407 968 3461 et
994 3403 1097 3458 tenero
1121 3400 1296 3463 Graecarum

230 3481 380 3546 Venenum
401 3483 487 3563 quasi
514 3484 590 3545 hore
613 3493 701 3547 exuta
731 3501 848 3565 semper
872 3484 1006 3562 frigebit.
1048 3484 1095 3544 An
1123 3483 1295 3566 templorum

229 3571 413 3633 maiestatem
436 3579 464 3632 et
491 3569 635 3632 solemnes
663 3569 837 3633 iudeorum
867 3570 1009 3632 honorem
1031 3569 1127 3634 crultns
1148 3572 1292 3633 institutos

229 3663 260 3716 et
288 3657 435 3737 pompas?
466 3673 543 3735 quae
572 3657 637 3718 sine
665 3675 739 3737 pera
765 3657 973 3719 immortalium
1001 3653 1060 3717 iide
1091 3668 1120 3721 et
1147 3655 1292 3735 religione

225 3739 331 3804 inania
351 3751 418 3804 sunt
440 3742 548 3804 onnia.
591 3744 637 3804 An
661 3742 786 3804 studium
811 3760 916 3822 regunt
937 3742 1164 3818 benevolorum,
1187 3739 1292 3810 hercle,

227 3837 257 3890 et
276 3829 329 3907 qni
350 3827 387 3890 de
407 3828 493 3891 bonis
514 3829 627 3892 artibus
646 3829 851 3892 immortaliter
869 3830 966 3892 meriti
988 3829 1068 3894 sinti
1109 3834 1148 3894 At
1168 3823 1294 3892 absurda

226 3911 362 3979 adulatio
391 3924 546 3994 surgentes
575 3915 696 3996 spiritus
725 3917 850 3996 pressit,
882 3933 979 3997 neque
1011 3915 1108 3978 honor
1133 3935 1153 3979 a
1174 3913 1290 3992 regibus

223 4001 326 4082 utique
350 4000 504 4063 doctrinae
531 4002 649 4064 habitus
671 4011 793 4064 eatenus
816 4001 920 4064 saltem
941 4000 1049 4076 ualuit,
1077 4012 1109 4065 nt
1134 3997 1293 4064 castrensia

225 4087 295 4150 ioca
311 4095 339 4150 et
359 4086 492 4150 ludibria
512 4104 629 4169 semper
651 4098 768 4150 arceret
789 4085 842 4166 (ci.
856 4090 962 4152 Athen.
978 4088 1032 4150 Xl.
1047 4108 1078 4169 p.
1092 4093 1166 4154 493.
1178 4090 1214 4151 D.
1229 4099 1290 4165 sqq·

223 4172 315 4253 Diog.
337 4175 439 4235 Laert.
460 4173 503 4249 ll,
527 4177 598 4240 ΙΙΙ.
626 4173 733 4253 lleynii
755 4176 881 4255 Opuscc.
903 4175 927 4237 l.
949 4193 980 4256 p.
1002 4177 1083 4253 89.).
1123 4176 1170 4239 Ne
1196 4173 1291 4241 notra

223 4260 338 4323 saeculi
367 4260 440 4323 uitia
474 4264 638 4342 potentium
670 4259 798 4324 decretis
834 4271 885 4324 aut
917 4261 1115 4324 munificentia
1148 4271 1289 4343 nunqnam

224 4345 470 4428 emendabuntur,
495 4365 699 4429 necunquam
719 4346 873 4430 regalibus
894 4348 1036 4430 impensis
1057 4347 1202 4414 collectae
1227 4344 1288 4430 plu⁴
