2806 4974
230 293 232 298 Ι
311 331 402 402 Caput
418 331 468 415 ΙΙ.Ι
489 332 531 387 De
547 331 701 402 perturbato
716 329 780 384 libri
796 329 907 386 secundi
922 335 1003 388 snm.
1119 313 1196 394 2¹5

92 525 99 537 ·
122 501 277 587 (emngg.
298 505 330 568 in
350 504 460 570 Gatnll.
480 523 509 588 p.
527 506 574 585 b.)
598 504 776 586 ascripsisse
796 505 870 569 satis
892 504 981 569 duco.
1021 503 1079 568 llic
1098 502 1191 566 enim:

120 591 350 674 „llnplioiter“,
377 592 490 674 inquit,
515 599 665 674 „peccunt
685 592 764 654 docti
786 591 845 655 riri
864 592 895 653 in
915 593 1002 656 buius
1023 589 1192 653 locienur·

119 678 256 752 ratione,
287 679 411 759 primurn
439 695 504 740 cum
532 677 663 740 Annales
694 676 818 759 Nepotis
848 677 1033 760 intelligunt,
1065 691 1190 756 quornm

121 781 188 826 cum
216 764 402 828 Grammatioi
432 763 575 826 decimum
603 763 733 845 quintum
763 763 868 838 citent,
901 781 960 827 non
987 762 1130 837 efficient,
1157 757 1191 824 id

121 848 204 931 qnod
225 849 344 926 uolunt,
364 867 468 932 nempe
489 851 566 912 illud
592 848 718 914 tribus
740 850 889 912 chartis
915 868 981 916 essa
1002 849 1190 923 breuiter,

119 937 165 999 uti
194 936 253 1018 ipsi
281 946 439 1018 exponunt.
481 937 568 1000 Alter
594 952 682 999 error
709 951 774 997 cum
802 936 928 999 tribus
957 937 1127 1009 clantio,
1155 941 1188 1000 nt

118 1022 181 1084 ianr
209 1024 309 1085 monui
336 1041 392 1104 pro
420 1024 602 1087 breuiter
633 1021 782 1102 accipiunt
802 1058 845 1070 —-
865 1058 908 1070 -
929 1060 982 1086 -.
1030 1023 1069 1084 At
1095 1019 1190 1084 tribus

119 1107 250 1188 chartis,¹
279 1109 359 1189 qnod
388 1108 477 1184 dixit,
505 1126 602 1190 paene
628 1109 741 1188 pueri
769 1107 849 1190 ipsi
876 1108 1089 1194 explicaverint
1117 1107 1190 1172 tri·

120 1195 190 1258 bns
211 1194 341 1258 libris.
385 1195 433 1259 Ita
453 1195 489 1273 Q.
509 1196 657 1259 Serenus:

297 1312 390 1433 gfff
407 1327 518 1382 nomque
536 1313 589 1366 Titi
605 1313 684 1365 simol
701 1317 727 1364 ei
746 1313 883 1367 emissione
897 1314 958 1368 Liri

353 1396 369 1432 r
380 1397 407 1434 c.

122 1495 171 1558 An
196 1509 300 1556 censes
322 1492 422 1569 alind,
448 1511 535 1574 qnam
561 1495 748 1556 centesimum
771 1494 889 1559 tertium
912 1493 1020 1558 librum
1040 1493 1194 1560 indicari?

123 1581 228 1658 Quare
250 1577 378 1642 doctis
398 1581 514 1655 uiris,
536 1581 586 1660 qni
608 1579 639 1641 id
665 1582 975 1661 proverbialiter
995 1583 1193 1662 interpretan-

122 1677 189 1743 tur,
222 1683 288 1747 per
319 1683 372 1728 me
403 1665 556 1746 quidem
590 1675 720 1729 tacere
753 1667 879 1731 licet.“
931 1669 1013 1732 llaec
1041 1665 1191 1746 Scaliger.

78 1800 80 1804 .
121 1752 188 1815 Illis
209 1769 282 1816 uero
305 1753 500 1830 argumentis,
520 1751 626 1833 quibus
648 1763 709 1814 tres
727 1754 801 1816 istos
817 1752 938 1817 libellos
960 1755 1017 1816 nisi
1037 1753 1076 1816 de
1096 1753 1192 1816 tribus

122 1839 286 1900 carminum
307 1839 503 1901 voluminibus
529 1839 660 1918 intelligi
688 1856 749 1900 non
772 1858 861 1922 posse
888 1839 1049 1917 eliciatur,
1078 1840 1105 1901 si
1133 1840 1191 1901 boc

123 1922 296 1999 addideris,
324 1922 403 2004 qnod
429 1925 595 2004 incongrua
618 1925 764 2008 quaedam
787 1928 818 1988 in
837 1925 934 1990 medio
956 1927 1036 1989 libro
1062 1923 1192 1988 secundo

124 2009 237 2072 offendi
262 2012 409 2086 carmina,
439 2026 552 2089 negare
579 2028 639 2072 non
667 2029 821 2093 possumus
848 2013 901 2089 (ci.
926 2013 964 2076 de
988 2012 1193 2094 Dispositiono

123 2096 203 2173 Qun.
225 2095 262 2158 L.
281 2095 320 2159 11.
343 2095 415 2176 Gap.
429 2096 491 2174 V.),
512 2098 584 2157 satis
604 2098 771 2176 probabilis
788 2098 855 2160 fieri
875 2098 991 2162 ridetur
1010 2097 1194 2162 Lacbmanni

124 2182 309 2246 coniectura.
352 2183 409 2257 Ar,
430 2200 468 2244 ne
488 2182 708 2246 inconsiderate
730 2185 776 2246 illi
797 2185 1009 2265 obsequamur,
1032 2200 1193 2266 parumper

124 2277 216 2332 antea
241 2266 455 2349 dispiciendum
477 2268 544 2334 erit.
587 2269 714 2332 Primum
742 2271 817 2332 enirn
844 2287 903 2332 non
930 2260 989 2333 tadi
1016 2271 1125 2332 misera
1149 2277 1195 2332 est

123 2355 211 2417 buius
233 2353 306 2415 libri
327 2353 473 2429 conditio,
494 2371 581 2434 qnam
602 2355 792 2418 Lachmanno
814 2355 939 2419 ridetur.
982 2357 1087 2420 Multis
1116 2355 1194 2420 onim

122 2441 201 2504 locis
222 2440 468 2519 interpretatione
490 2439 654 2516 subreniri,
673 2442 778 2504 'miultis
800 2457 912 2503 omnem
934 2439 1046 2504 elevari
1066 2439 1195 2504 dillicul·

124 2535 234 2602 tatem,
256 2525 282 2587 si
301 2527 451 2606 poematia
469 2525 559 2605 plura
576 2526 693 2605 integra
712 2527 830 2608 quidem
848 2545 903 2607 per
925 2544 966 2601 se,
988 2527 1042 2589 sed
1064 2527 1103 2592 ad
1124 2544 1195 2588 ean·

125 2614 193 2676 dem
222 2614 408 2675 occasionem
436 2613 479 2675 ita
504 2613 697 2694 pertinentia,
724 2622 756 2674 ut
783 2612 873 2682 focile
893 2613 923 2692 ip
947 2631 1034 2674 unum
1055 2614 1195 2676 ambitum

125 2697 378 2772 continuarentur,
396 2698 554 2760 interstitio
568 2698 700 2759 seiuncta
717 2701 823 2760 iterum
838 2715 1088 2778 componeremus,
1104 2698 1140 2761 L.
1155 2695 1194 2764 11.
1270 2701 1287 2722 '²

127 2786 202 2870 Gap.
216 2784 253 2850 V.
275 2783 435 2845 docuimus.
477 2783 638 2845 Plurimum
661 2794 757 2846 autem
779 2783 873 2847 oliicit
892 2785 1081 2847 coniecturae
1096 2783 1195 2846 Laeb-

126 2871 226 2934 manni
256 2888 347 2931 nexus
376 2869 429 2930 ille
458 2869 590 2933 internus
620 2871 682 2932 nati
710 2869 797 2933 modo
826 2879 857 2934 et
886 2871 1062 2946 crescentis,
1092 2869 1194 2950 vegeti

125 2956 236 3020 deinde
266 2965 295 3018 et
322 2956 504 3030 fluctuantis,
532 2955 692 3018 deficientis
721 2955 847 3036 denique
870 2964 901 3019 et
927 2956 1046 3018 extincti
1073 2955 1195 3030 amoris,

126 3061 213 3125 quem
238 3049 268 3103 et
288 3058 342 3102 nos
364 3043 430 3103 Lib.
454 3042 477 3103 l.
502 3039 574 3122 Cap.
598 3052 671 3106 extr.
695 3044 868 3124 exposuisse
888 3042 974 3104 nobis
995 3041 1142 3116 ridemur,
1165 3047 1196 3102 ct

126 3132 175 3192 cni
196 3129 373 3208 tripartitum
392 3127 567 3189 uoluminum
587 3146 736 3190 numerum
754 3129 877 3208 egregie
895 3128 1111 3191 accommodari
1124 3127 1195 3190 Pal·

119 3217 231 3308 ⁸danius
259 3223 341 3276 recte
368 3224 465 3276 monet
492 3213 527 3293 (l.
549 3213 571 3276 l.
599 3233 629 3297 p.
653 3217 729 3296 lb).
782 3216 875 3278 Obesi
901 3222 1059 3296 praeterea
1085 3213 1133 3278 El.
1155 3205 1193 3288 11,

128 3307 189 3378 24,
214 3305 244 3364 1.
266 3305 313 3364 2.:

263 3419 304 3470 Tc
322 3417 451 3484 loqueris,
469 3432 526 3469 oum
541 3417 580 3468 eis
600 3419 653 3470 ioco
670 3425 750 3470 octo
769 3417 863 3484 {obulo
882 3415 985 3483 libro,

299 3487 334 3538 Et
351 3493 398 3537 too
415 3487 452 3538 sit
470 3493 525 3538 roto
545 3488 656 3553 Cynthio
674 3488 741 3540 lecto
758 3488 828 3553 soro.

126 3603 212 3682 Quae
230 3608 299 3682 post
317 3599 409 3672 duos
427 3599 523 3662 libros
540 3599 636 3665 editos
654 3601 789 3682 prolecto
803 3615 862 3662 non
878 3598 1055 3680 scripsisset.
1084 3597 1194 3673 eram-

128 3706 216 3770 qnam
242 3689 317 3765 bunc
338 3685 506 3765 scrupulum
532 3687 575 3749 ita
594 3686 702 3750 tollere
724 3686 822 3749 studet
842 3686 1065 3758 Lachmannus,
1093 3691 1124 3744 ut
1145 3699 1193 3744 se-

127 3773 254 3837 condum
273 3782 302 3835 et
322 3773 439 3834 tertium
460 3789 532 3832 snae
551 3773 732 3834 recensionis
752 3763 869 3833 librum‘
882 3770 968 3832 simul
989 3768 1083 3831 editos
1104 3767 1193 3829 dicat

68 3907 72 3921 ,
128 3859 191 3926 Sed
214 3867 278 3922 utut
301 3864 362 3933 est,
391 3855 486 3919 denuo
509 3873 625 3938 semper
650 3858 728 3921 subit
750 3855 839 3921 etad
862 3855 1074 3920 defendendam
1096 3853 1195 3916 bacb-

128 3946 230 4009 manni
256 3943 429 4006 sententiam
456 3946 588 4021 resurgit
615 3961 679 4005 cnm
698 3961 801 4007 uersus
826 3943 883 4006 istc
907 3942 996 4006 toties
1018 3940 1194 4013 debellatas,

127 4042 189 4096 tum
211 4031 335 4093 uulnera
355 4029 561 4091 nonnullorum
582 4030 742 4094 carminum
767 4029 898 4104 biantia,
920 4028 1026 4108 quibus
1047 4027 1105 4089 nisi
1131 4025 1194 4088 ler-
1281 4027 1282 4034 ’

128 4137 195 4181 rnm
216 4125 246 4178 et
266 4116 365 4194 ignem
390 4115 577 4193 adhibueris,
596 4115 715 4177 nullum⁴
727 4122 844 4176 restare
863 4113 1013 4178 sarciendi
1035 4110 1195 4174 remedium

128 4200 326 4266 confitendam
346 4201 418 4264 est
442 4201 555 4264 Nouam
578 4201 671 4282 igitur
698 4201 853 4263 instituere
878 4199 978 4280 placet
997 4201 1091 4271 viam,
1116 4193 1195 4257 sale·

127 4289 249 4354 brosam
266 4287 396 4352 lortasse
416 4285 483 4370 ipse
503 4286 644 4367 nouitate,
662 4303 717 4369 nec
734 4287 793 4351 nisi
811 4285 909 4350 causis
928 4294 1017 4350 antea
1035 4279 1197 4366 prudenter

1126 4543 1137 4596 l
