2848 4972
364 401 578 472 pauculam
597 401 661 468 ΕΙ..
680 402 725 483 ΙΙ,
745 399 799 470 33.
817 401 870 470 34.

167 577 327 644 Necnon
348 573 489 643 lsmario
511 579 564 656 tu,
584 571 803 660 Polypheme,
825 591 926 644 mero.
1007 641 1012 648 ,
1106 591 1109 600 ·

124 680 211 747 Vino
234 678 339 746 torma
361 679 465 764 perit,
489 677 568 743 vino
591 679 807 762 corrumpitur
827 684 936 764 aetas,

134 765 138 776 ’
168 781 253 848 Vino
276 797 381 865 saepe
403 799 498 846 suum
520 781 631 846 nescit
652 782 759 846 amica
780 780 897 848 virum.

73 895 106 939 ³⁵
124 881 181 948 lile
202 883 374 964 miserum,
395 887 433 946 ut
454 880 555 946 multo
575 879 656 956 nihil
677 889 731 946 est
751 886 876 951 mutata
893 882 1027 968 Lyaeo!

168 982 237 1048 lam
259 984 349 1050 bibe:
371 982 516 1048 formosa
536 999 588 1048 es:
610 982 657 1048 nil
671 983 738 1048 tihi
759 984 839 1053 vina
860 993 993 1072 nocent,

124 1083 206 1152 Cum
228 1093 286 1152 tua
307 1084 535 1172 praependent
556 1083 706 1152 demissa
727 1085 760 1150 iu
782 1086 900 1171 pocula
920 1097 1025 1176 serta,

166 1186 214 1254 Et
235 1205 310 1254 mea
332 1186 475 1254 deducta
496 1189 641 1254 earmina
663 1205 750 1254 voce
770 1187 869 1276 legis.

123 1287 268 1376 Largius
291 1290 396 1355 effuso
424 1286 558 1355 madeat
579 1289 640 1354 tihi
660 1305 777 1354 mensa
798 1288 950 1376 Falerno,

76 1408 109 1452 ⁴⁰
169 1394 309 1480 Spumet
331 1401 365 1460 et
387 1401 501 1462 aurato
523 1393 650 1458 mollius
671 1395 704 1460 iu
725 1394 840 1460 calice.

123 1496 223 1562 Nulla
243 1501 354 1572 tamen
376 1495 460 1564 lecto
482 1498 601 1582 recipit
623 1514 663 1562 se
689 1496 762 1562 sola
782 1497 939 1564 libenter:

167 1597 234 1667 Est
256 1597 409 1685 quiddam
433 1597 519 1685 quod
541 1617 604 1664 rius
627 1615 790 1684 quaerere
812 1610 913 1688 cogat
933 1599 1044 1669 Amor.

127 1699 269 1787 Semper
293 1704 327 1768 in
349 1702 508 1768 absentes
530 1700 658 1768 felicior
680 1707 796 1768 aestus
819 1710 987 1776 amantes:

169 1801 295 1872 Elevat
316 1802 472 1872 assiduos
496 1805 591 1891 copia
614 1802 715 1892 longa
736 1805 839 1874 viros.

536 1993 698 2070 xxxiv.
778 1965 781 1972 ’

125 2114 212 2202 cnr
232 2135 403 2221 quisquam
425 2135 550 2201 faciem·
568 2134 719 2203 dominae
740 2137 806 2204 iam
828 2135 934 2206 credit
954 2136 1082 2208 amori?

169 2237 230 2307 Sic
250 2245 368 2326 erepta
388 2237 465 2304 mihi
487 2256 596 2325 paene
616 2238 728 2326 puella
748 2257 823 2307 mea
844 2247 909 2307 est.

126 2337 297 2427 Expertus
318 2338 408 2422 dico,
429 2357 524 2406 nemo
547 2328 601 2406 est
622 2343 657 2406 in
679 2359 791 2410 amore
812 2342 936 2410 tidelis:

169 2442 360 2507 Formosam
381 2456 458 2507 raro
481 2458 545 2507 non
567 2441 633 2506 sihi
654 2443 798 2527 quisque
818 2443 911 2529 petit.

95 2542 321 2609 oporteretne
343 2541 427 2609 deus
451 2552 633 2630 cognatos,
655 2544 757 2610 solvit
776 2547 915 2628 amicos,

171 2645 219 2714 Et
239 2647 324 2713 hene
344 2645 524 2714 concordes
546 2648 657 2712 tristia
677 2646 723 2713 ad
743 2641 836 2713 arma
855 2654 966 2715 vocat.

126 2748 271 2834 Hospes
284 2750 318 2815 in
338 2748 515 2836 hospitium
535 2749 688 2816 Menelao
710 2752 804 2819 venit
824 2748 970 2817 adulter:

171 2847 304 2922 Colchis
326 2856 361 2916 et
382 2851 532 2938 ignotum
553 2867 662 2917 nonne
686 2856 804 2917 secuta
825 2853 932 2918 virum
954 2848 1033 2918 est'l

127 2953 281 3039 Lynceo,
302 2959 382 3019 tune
402 2970 508 3019 meam
532 2955 688 3040 potuisti,
708 2950 851 3040 perfide,
872 2970 985 3020 curam

86 3073 113 3116 ro
169 3052 348 3144 Tangere?
368 3073 476 3122 nonne
497 3062 574 3123 tuae
595 3063 663 3124 tum
686 3057 839 3124 cecidere
861 3052 1004 3122 manus?

128 3157 214 3243 Quid
234 3161 265 3224 si
286 3178 350 3224 non
372 3165 531 3226 constans
551 3160 609 3227 illa
631 3166 753 3229 ettam
774 3165 869 3229 certa
888 3155 1034 3226 luisset?

169 3265 296 3330 Posses
318 3263 464 3330 intanto
486 3264 605 3331 vivere
624 3259 778 3354 flagitio?

151 3459 195 3508 32.
213 3453 338 3508 lrlsmarlu
355 3472 382 3509 r.
446 3459 490 3510 33.
507 3455 659 3526 corrupitur
675 3473 701 3510 r.
760 3457 804 3510 33.
822 3471 852 3508 ea
866 3456 901 3511 ll.
914 3470 953 3522 u..
971 3455 1012 3505 est
1023 3453 1058 3509 ll.
1074 3453 1106 3508 V.
1115 3451 1156 3508 Μ.

84 3547 128 3596 et.
147 3541 312 3610 perpendent
331 3543 382 3608 a..
401 3542 568 3609 propendent
585 3547 620 3597 ll.
642 3539 673 3596 V.
690 3545 723 3599 P.
742 3539 873 3594 demissae
891 3569 926 3582 -
942 3545 1031 3593 sartae
1049 3539 1086 3596 N.
1103 3537 1157 3593 Ed.

84 3632 128 3683 38.
148 3625 244 3680 delicta
262 3625 378 3678 carmine
395 3643 420 3680 r.
482 3632 525 3681 39.
544 3633 651 3682 maneat
667 3629 707 3682 Μ.
726 3627 854 3696 phalereo
871 3624 924 3679 tlt.
987 3625 1031 3679 42.
1048 3637 1097 3677 noo
1115 3623 1157 3677 Μ.

84 3710 157 3777 cogit
174 3709 225 3762 ΠΙ).
293 3711 336 3764 43.
357 3710 491 3764 obsecutio
508 3729 549 3781 a,
568 3713 684 3766 absentis
705 3711 759 3767 ed
778 3709 910 3766 absentels
927 3711 959 3768 Δ.

152 3804 276 3857 XXXIV.
315 3805 441 3858 Cohaeret
465 3822 523 3858 com
545 3808 682 3873 superlore
708 3807 824 3858 carmine
847 3806 876 3856 ἐπ
902 3805 936 3855 ol.
952 3801 991 3855 Ν.
1009 3799 1061 3856 lli.
1079 3803 1114 3858 D.
1130 3820 1156 3859 r.

83 3891 169 3961 „atta
187 3884 296 3954 eleplo“
315 3889 346 3940 P.
417 3895 442 3941 l.
462 3887 530 3941 Cum
548 3891 584 3942 ll.
603 3890 634 3942 Δ.
653 3887 745 3941 latiam
763 3889 811 3956 N..
830 3905 880 3939 om.
899 3889 935 3938 Μ.
954 3887 1045 3940 credat
1061 3887 1099 3941 N.
1119 3903 1157 3958 ra,

27 4019 29 4022 .
83 3973 171 4030 credit
187 3975 227 4026 M.
254 3971 340 4026 arnico
359 3975 389 4029 P.
408 3990 451 4042 ra,
476 3973 561 4028 amori
579 3976 613 4026 D.
630 3976 666 4027 Π.
689 3975 720 4026 V.
737 3975 793 4039 M..
818 3972 903 4026 amari
921 3975 955 4027 G.
1042 3974 1069 4027 t.
1086 3971 1158 4026 For-

84 4076 154 4114 mam
173 4075 274 4127 pr.m.‚
294 4059 330 4111 Et
348 4058 463 4112 sormam
480 4077 503 4117 s.
522 4058 624 4117 ΝΛΜ.
686 4061 713 4112 3.
732 4059 885 4112 coniunctos
903 4061 940 4110 H.
999 4061 1025 4112 1.
1043 4055 1159 4112 menelai

86 4147 120 4197 G.
134 4147 167 4198 P.
232 4147 259 4199 8.
278 4149 319 4196 ast
336 4161 386 4201 om.
402 4147 437 4198 H.
506 4151 533 4199 9.
554 4160 643 4197 noune
659 4145 700 4198 Μ.
768 4149 795 4198 9.
813 4147 855 4196 19.
874 4145 983 4208 tangere
1000 4169 1034 4180 -
1050 4141 1159 4194 Penius

84 4229 247 4297 ltlllao„
271 4229 489 4296 Pom—tang.
510 4231 541 4288 V.
629 4234 671 4284 10.
692 4245 745 4282 non
768 4233 796 4281 et
816 4227 1022 4302 ueN.‚nune
1042 4231 1106 4278 tuae
1125 4227 1159 4277 a.

31 4383 32 4386 Ἴ
84 4313 149 4368 tunc
170 4318 253 4384 tho„
271 4319 327 4367 tum
343 4318 477 4386 dl.V.M.
549 4321 592 4370 ll.
614 4321 668 4367 tam
690 4332 740 4368 um.
757 4316 789 4372 V.
857 4317 898 4366 12.
917 4313 1013 4366 Posset
1030 4316 1058 4364 et
1074 4312 1158 4378 dhre,

83 4399 183 4454 Postea
200 4401 233 4452 D.
249 4399 308 4466 M..
323 4397 414 4452 Possis
430 4415 455 4452 o.
473 4415 496 4454 o.
514 4402 561 4470 P„
581 4399 627 4453 aad
641 4414 694 4450 uon
711 4399 796 4453 deleto
811 4397 926 4465 petatium
939 4399 1087 4464 scripturo.

128 4487 169 4552 11.
631 4533 633 4538 .
942 4487 964 4548 e
