2806 4974
344 418 346 426 .
431 373 520 444 Caput
538 371 583 428 Vi.
618 369 662 424 Dc
679 367 846 448 elocutione:
926 351 928 356 ’
1003 367 1008 378 “
1096 349 1172 430 173

96 551 121 615 Ι.
143 550 165 614 Ι.
192 567 224 633 p.
248 541 411 628 ccxvii:
442 545 620 630 Propertius
650 563 742 628 saepe
771 552 876 608 contra
904 541 992 621 iacit,
1022 535 1105 609 nelnt
1131 543 1171 624 Π,

102 642 137 714 6,
161 641 193 702 9.
217 654 300 717 sqq.:

239 757 285 808 Me
303 757 418 806 iuuenem
434 753 520 818 pieton
536 751 636 818 socies,
654 766 694 802 one
710 750 818 800 montino
837 748 990 818 ioeduot,

273 826 318 875 Me
334 831 407 874 teoer
422 823 449 872 in
466 823 539 872 cruoris
557 827 581 871 et
597 823 654 871 cirre
672 834 732 870 voce
748 833 850 884 poen:

239 895 284 945 Me
302 893 437 954 incdit,
455 891 480 942 si
497 892 581 941 oscito
598 888 646 940 titt
663 888 733 938 dedit
751 891 842 940 oscoio
859 895 953 956 mutes,

141 1027 158 1066 .
274 963 320 1012 Me
337 975 439 1012 soros
456 987 491 997 -
509 966 573 1014 cett.

104 1083 211 1149 Verum
228 1089 322 1145 totum
338 1081 396 1142 too
418 1096 511 1158 genus
531 1095 590 1140 non
610 1076 695 1138 nimis
715 1075 856 1157 frequens
875 1092 938 1137 enm
958 1071 1085 1154 singulis
1106 1070 1177 1134 suh·

104 1171 190 1232 iactis
220 1166 339 1246 singula
365 1166 458 1228 uerita
487 1157 651 1248 (ῥήματα)
679 1163 745 1224 iere
773 1164 884 1242 utiquo
912 1162 1116 1240 assignentur,
1147 1163 1177 1220 et

105 1255 216 1318 addere
237 1245 421 1331 συνώνυμα,
439 1269 525 1330 qurum
546 1248 625 1331 apud
647 1251 774 1311 animum
792 1248 885 1312 semel
906 1248 1017 1310 omissa
1036 1244 1178 1327 supplere

106 1339 278 1424 Propertius
300 1329 399 1413 m'alit,
419 1336 500 1400 uelut
521 1336 565 1411 ΙΙ,
587 1337 624 1410 5,
648 1339 716 1398 ih:

241 1465 305 1516 Non
320 1466 360 1516 ito
380 1463 542 1529 Gorpotdioe
560 1463 705 1514 variant
722 1460 893 1528 Aquilonibus
909 1459 1005 1529 mune,

276 1533 333 1585 Neo
350 1532 427 1584 ductio
444 1530 524 1583 modes
543 1536 699 1584 vestitor
717 1538 780 1582 otoo
798 1531 880 1584 Noto.
1104 1529 1110 1552 ⁸

108 1656 234 1739 Saepius
265 1655 447 1718 contrarium
478 1654 589 1726 euenit,
621 1661 655 1714 ut
684 1650 743 1714 dno
772 1651 865 1714 uerba
897 1668 986 1712 unum
1017 1647 1179 1710 subiectum

108 1746 246 1807 habeant.
291 1742 365 1804 Tum
394 1738 645 1801 accommodatior
667 1739 769 1819 ntique
793 1739 855 1800 eius
883 1736 970 1798 sedes
992 1737 1022 1796 iu
1045 1733 1181 1815 sequenti

11 1867 12 1872 κ
109 1850 205 1896 uersu.
245 1827 349 1908 Neque
365 1827 538 1907 Propertius
560 1843 625 1886 eam
647 1827 792 1887 rationem
812 1824 936 1906 spernit,
949 1823 1030 1886 velut
1050 1821 1179 1898 1,1,3.:

241 1957 310 2008 Toou
327 1953 388 2005 milri
406 1955 550 2006 constantis
568 1953 698 2004 deiecit
716 1953 814 2004 domino
831 1953 920 2018 foetas

277 2025 313 2074 Et
329 2030 409 2090 enpust
426 2023 556 2089 impositis
574 2027 711 2087 pressit
730 2022 831 2074 Amor
845 2017 956 2084 'pedidus
974 2046 1009 2058 -

107 2163 204 2230 neque
226 2153 324 2208 tamen
345 2144 433 2207 nimis
457 2143 586 2208 sollicite
611 2144 738 2226 expetit,
759 2153 792 2208 ut
812 2143 843 2220 l,
867 2147 901 2221 l,
923 2147 990 2208 lis
1065 2187 1067 2192 -

245 2271 277 2323 lo
293 2286 333 2323 me
349 2271 444 2323 turdus
460 2273 564 2324 Amor
584 2287 637 2322 noo
654 2271 727 2322 olins
744 2273 890 2338 copiunt
909 2278 992 2338 ortes,
1065 2273 1068 2278 '

191 2407 197 2420 .
285 2341 342 2392 Neo
360 2342 519 2393 nseminit
535 2346 615 2391 octos
632 2347 662 2391 nt
677 2341 753 2404 prius
770 2342 811 2391 ire
827 2343 895 2396 oios.

112 2429 216 2541 Itaque
244 2477 281 2521 ne
307 2467 367 2522 tum
396 2458 530 2540 quidem,
564 2474 628 2519 cnm
657 2456 840 2522 redundante
870 2459 957 2522 heroi
984 2477 1095 2524 uersus,
1115 2479 1184 2524 sen·

12 2569 13 2576 ¹
112 2549 205 2608 tentia
237 2545 332 2627 ipsum
359 2546 520 2607 subiectum
550 2544 580 2606 in
610 2551 824 2624 pentametrum
853 2543 975 2608 dilatum
1002 2549 1185 2629 ost,·prott-

111 2650 166 2780 {ulus
180 2649 260 2782 1curig
289 2633 425 2781 slegpuenti
453 2633 606 2694 enuntiato
635 2631 770 2693 nectitur.
814 2631 902 2707 Quod
929 2634 1118 2715 perspicuum
1141 2642 1186 2699 est
1223 2631 1226 2640 ’

149 2763 158 2780 .
202 2765 213 2795 ,
262 2764 271 2793 ,
338 2763 362 2780 ..

227 2881 231 2906 ‚
255 2836 289 2887 Ut
307 2837 368 2888 nrihi
386 2837 496 2888 deducto
514 2839 632 2906 faciut
650 2838 863 2908 convicimpo'ppi

288 2905 448 2974 Cynthio,
466 2913 492 2958 et
508 2909 610 2960 insonis
628 2923 678 2959 oro
695 2914 791 2958 notet
808 2906 929 2960 comtibus
946 2932 981 2946 -

114 3028 176 3104 ubi,
197 3027 269 3110 quin
282 3027 420 3091 Tibullus
443 3029 606 3109 scripturus
629 3029 721 3091 inerit
743 3027 983 3109 Cynthiaque
1010 3024 1124 3088 insanis
1144 3059 1189 3071 -—

115 3116 213 3176 nullus
243 3113 356 3176 dubito.
408 3114 455 3176 (tt.
484 3115 576 3177 Baoh.
600 3114 639 3176 ad
668 3114 781 3178 Tibull.
810 3113 841 3198 Ι,
870 3119 907 3191 9,
936 3117 966 3178 7.
1020 3111 1073 3177 sio
1102 3113 1191 3176 etiam
1277 3154 1281 3159 -

116 3201 192 3264 alias
212 3201 404 3290 Propertius,
424 3209 457 3262 nt
478 3200 528 3276 IV,
547 3205 577 3276 7,
599 3203 667 3266 55.:

253 3327 327 3378 Nom
344 3325 446 3390 pomino
465 3331 519 3376 est
536 3325 609 3378 sedes
626 3333 729 3392 ttorpem
749 3326 887 3378 sortito
904 3338 952 3388 pet·
969 3339 1080 3390 amntem,

291 3392 470 3460 Tardaque
486 3394 592 3446 diverso
609 3397 721 3462 remipct
739 3396 822 3446 ononis
839 3410 909 3462 spuo
925 3419 960 3431 -

111 3525 213 3590 neque
235 3507 324 3572 aliter
346 3507 600 3587 interpretandum
623 3488 688 3572 esse
710 3526 862 3572 censemus
884 3507 929 3584 ΙΙ,
953 3511 1010 3584 32,
1033 3505 1103 3571 35.;

180 3652 193 3672 ι
257 3631 381 3696 Quomodo
399 3632 449 3683 ldo
468 3634 560 3685 Porioi
577 3641 709 3696 pastorem
728 3635 799 3686 dicot
818 3648 953 3686 omosse
983 3661 989 3673 x

289 3702 373 3769 Atque
390 3701 458 3752 iuteo
475 3703 583 3766 pecudes
601 3701 812 3755 occubuisse
833 3703 922 3754 decom
941 3727 977 3739 -

12 3821 13 3824 ’
120 3824 152 3883 nt
174 3817 283 3884 deam
310 3823 466 3904 utriusque
499 3825 636 3907 infinitivi
663 3827 702 3889 sit
735 3827 908 3889 subiectum.
958 3825 1192 3890 Verumtamen

123 3923 177 3968 neo
199 3908 310 3988 ubique
337 3927 434 3990 neque
451 3913 644 3975 'necessario
689 3913 790 3989 Quare
813 3930 872 3974 non
902 3922 966 3974 erat
994 3909 1071 3992 qnod
1095 3911 1194 3973 Lach-

11 4019 12 4024 κ
122 4008 242 4055 mannus
265 3993 302 4056 de
325 3995 499 4074 integritate
520 3999 567 4060 ΕΙ.
587 3999 618 4072 Ι,
640 4003 691 4074 12,
707 4003 738 4061 6.
762 3998 921 4061 dubitaret.
964 3998 1091 4079 Saepius
1111 4014 1194 4071 nero,

11 4111 13 4160 p
123 4095 159 4138 ne
187 4097 313 4160 sequens
341 4083 500 4144 membrum
529 4085 662 4148 subiecto
691 4102 746 4146 suo
776 4094 894 4160 careat,
925 4102 1088 4166 pronomen
1121 4082 1194 4145 ille

12 4203 13 4224 ι
125 4161 259 4242 additur,
283 4167 366 4243 utI,
387 4173 426 4244 9,
448 4173 515 4232 23.;

258 4281 359 4334 Nullos
377 4299 471 4334 omos·
490 4285 609 4351 enipeum
625 4277 717 4351 sonides
735 4286 776 4337 ito
790 4283 913 4352 praebuit
931 4287 1002 4352 ulos,

299 4351 333 4402 tto
349 4366 402 4402 noos
419 4353 524 4404 admoto
539 4356 667 4422 presserit
684 4355 748 4406 tite
766 4370 856 4410 morto.
