2834 4972
342 347 347 357 ·
393 349 482 421 eaput
500 351 532 406 v.
567 351 609 404 ue
627 349 750 405 annicius
768 351 910 422 Propertii.
1138 331 1186 406 21

107 521 175 603 quis
208 521 383 592 coniectura
412 530 597 602 assequatur.
649 521 737 584 Certe
769 523 860 585 nutrito
892 523 949 586 loo
981 519 1181 596 uerisimilius,

110 625 197 688 5555
221 611 245 672 si
269 625 334 670 eum
356 608 401 670 lo.
420 609 507 690 Bnpt.
530 605 654 672 Fonteio
684 610 736 682 (de
764 611 866 690 prisca
893 609 1069 673 (laesionum
1094 616 1204 686 geute

108 694 139 768 l,
160 697 279 773 5.·19.)
303 693 403 759 Ouidii
432 694 566 757 sodalem
592 695 732 774 (quocum
759 695 871 758 Romae
900 698 1071 761 coniunctos
1096 693 1182 771 uixit)

109 779 236 843 eundem
259 779 415 843 credamus
436 789 525 860 atque
541 780 715 844 Genesium
737 780 820 842 illum
836 782 1000 860 Bassum,
1021 780 1072 861 qui
1085 778 1184 842 Persii

108 868 223 928 amicus
245 864 299 945 (cf.
319 866 403 928 Pers.
425 866 489 929 Sat.
511 865 568 940 vt,
592 871 620 929 l.
647 868 769 930 Snneton.
790 869 840 931 nit.
862 869 962 946 Pers.)
986 868 1039 930 sub
1062 866 1184 929 Nerone

107 962 138 1015 et
162 953 351 1032 Vespasiano
379 953 468 1026 uixit,
495 953 605 1032 quique
634 951 810 1028 Quintiliani
839 953 951 1016 iudicio
976 953 1033 1028 (X,
1055 955 1099 1028 Ι.)
1122 950 1206 1014 115-’

107 1055 265 1101 manorum
292 1039 452 1118 lyricorum
477 1037 622 1100 sccundus
644 1037 772 1102 Vesuvio
799 1034 922 1102 ardente
945 1041 999 1115 (ci.
1019 1035 1121 1100 Schol.
1143 1034 1186 1098 55-

107 1125 195 1189 Pers.
209 1124 232 1187 l.
246 1124 283 1202 1.)
296 1125 332 1186 15
353 1123 486 1205 praediis
510 1125 571 1188 suis
593 1125 753 1188 exstinctus
775 1134 829 1188 est.
871 1127 955 1192 llnno
974 1125 1050 1188 enim
1068 1123 1184 1187 etiamsi

107 1220 179 1274 ente
198 1210 320 1274 exilium
332 1209 431 1276 Ouidii
445 1211 511 1275 XX.
528 1226 621 1272 annos
640 1227 699 1272 uon
714 1229 872 1294 superasse
889 1229 1089 1274 sumamus-
1104 1207 1185 1291 quod

107 1299 206 1378 ipsum
228 1297 346 1360 mereri
369 1296 465 1359 simile
488 1295 605 1377 quidem
625 1303 670 1360 est
691 1333 742 1372 -‚
765 1307 797 1360 ut
818 1299 884 1378 plns
908 1317 994 1379 quam
1017 1313 1183 1376 sexagena-

108 1384 172 1447 rius
199 1383 233 1446 in
262 1383 420 1446 amicitiem
440 1381 539 1446 Persii
565 1383 695 1458 uenerit,
723 1386 886 1464 nonaginta
912 1393 1010 1448 nortem
1036 1382 1103 1447 iere
1129 1399 1183 1444 an·

107 1487 164 1532 nos
185 1478 276 1533 nutus
295 1470 357 1533 rita
377 1469 556 1544 excesserit,
577 1469 720 1549 sequitur.
950 1479 953 1488 ⁴

212 1570 448 1636 Necessitudinis
474 1571 600 1637 vinculis
629 1569 763 1638 Gallus
798 1569 916 1653 quidam
945 1571 1104 1652 Propertio
1137 1569 1183 1632 ri-

109 1654 198 1720 detur
217 1660 391 1721 coniunctus
407 1660 509 1736 luisse,
529 1676 587 1720 non
607 1657 828 1722 confundendus
848 1658 901 1722 ille
919 1675 983 1720 euru
999 1656 1200 1729 Cornelio¹

112 1743 228 1806 Gallo
250 1745 520 1808 Foroiuliensi
543 1745 597 1824 (51.
610 1745 769 1810 Fontanini
789 1745 992 1820 insumul,
1010 1749 1040 1808 1.
1059 1743 1103 1807 lo.
1122 1741 1183 1803 los.

107 1829 223 1892 Lirnti:
243 1825 382 1895 Notlzie
401 1829 489 1896 delle
513 1825 591 1896 Vile
612 1829 655 1896 ed
677 1825 787 1914 Opere
805 1829 919 1895 ecritle
942 1827 997 1896 dn’
1017 1824 1184 1895 Lelteroti

110 1914 167 1978 del
194 1909 311 1980 creon
340 1917 377 1981 T.
400 1918 425 1980 Ι.
453 1937 499 2000 pr.
527 1927 632 1981 eontra
665 1917 821 1996 Peregrin.
849 1917 1032 1993 Moserium,
1061 1916 1183 1994 sigism.

108 2001 311 2065 Marohesium
332 2003 362 2065 in
384 2004 598 2085 supplementt.
616 2003 730 2069 ilistor.
752 2003 965 2067 Eoroliriensis
986 2003 1032 2078 ΙΙ,
1053 2019 1079 2066 5.
1101 2003 1132 2065 5.
1152 2017 1184 2081 p.

109 2092 184 2152 227.
199 2107 265 2170 sqq.
286 2090 489 2170 Morgagunm
502 2090 533 2154 15
545 2093 671 2173 0pnscc.
686 2091 792 2153 Misce.
803 2091 837 2154 P.
848 2090 901 2166 ΙΙΙ,
915 2090 972 2171 Ep.
982 2088 1005 2150 Ι.
1019 2089 1067 2152 Ε1.
1081 2092 1184 2152 to.—

109 2175 213 2238 Bnrm.
235 2175 274 2239 ad
295 2175 416 2239 Anthol.
437 2178 474 2240 L.
499 2177 537 2241 Τ.
557 2178 588 2252 1,
610 2194 640 2257 p.
664 2178 737 2240 353.
769 2175 953 2257 Bernhardy.
976 2176 1089 2240 Romm.
1111 2173 1184 2238 Litt.

110 2264 181 2325 lrist.
201 2279 232 2342 p.
252 2265 325 2325 232.
349 2281 378 2325 5.
395 2262 496 2348 434),
518 2264 671 2326 notissimo
693 2261 845 2342 elegorum
867 2264 1014 2344 scriptore
1034 2259 1139 2342 (Prop.
1160 2257 1186 2336 1,

109 2351 162 2424 34,
183 2351 237 2414 91.
258 2347 311 2411 05.
332 2347 424 2412 Trist.
445 2349 495 2418 tv.
519 2353 569 2426 10,
590 2348 668 2428 53.),
689 2347 891 2431 Euphorionis
911 2347 1116 2413 Chalcidensis
1138 2347 1186 2408 in·
1263 2375 1268 2384 ·

109 2442 243 2516 terprete
272 2433 373 2514 (Seru.
404 2433 443 2497 ad
470 2434 556 2515 virg.
578 2433 644 2498 Eol.
671 2433 730 2510 vl,
760 2437 812 2499 72.
843 2435 913 2498 5511.
942 2433 1186 2510 1151.Χ,56.),

106 2519 326 2585 Hesiodeornm
347 2522 507 2584 carminum
526 2520 675 2586 imitatore
696 2519 796 2600 (Virg.
817 2521 952 2598 1151111,
973 2524 1026 2586 64.
1046 2538 1111 2603 sqq.
1132 2519 1187 2581 551

108 2627 138 2673 r.
159 2607 256 2688 llepn.
280 2614 309 2670 et
334 2607 455 2684 Voss),
488 2610 540 2690 qui
567 2608 705 2688 Aegypto
735 2607 905 2688 praefectus
936 2608 1045 2690 partim
1073 2603 1186 2672 stolide

109 2695 262 2776 superbie,
284 2693 392 2774 purtim
412 2693 642 2758 detrectatorum
663 2693 776 2756 inuidia
789 2696 924 2772 Augusto
946 2702 1099 2776 suspectus
1121 2693 1187 2773 ipse

110 2797 143 2842 se
164 2780 315 2844 interemit
336 2797 365 2842 a.
381 2780 415 2843 U.
434 2783 508 2845 728.
532 2779 592 2852 (Gi.
614 2779 702 2842 Dion.
717 2778 802 2843 (lass.
821 2779 899 2857 Llll,
922 2785 973 2845 23.
996 2781 1080 2845 Suet.
1096 2781 1188 2845 Oete·

103 2867 189 2929 sian.
211 2870 265 2931 66.
287 2864 424 2946 Propero.
452 2866 474 2927 l.
494 2865 515 2929 Ι.
536 2864 615 2929 Ρ115.
637 2864 706 2928 Nat.
730 2865 799 2929 lise.
819 2865 891 2941 tt11,
917 2865 986 2944 54.)
1029 2867 1085 2928 1115
1111 2866 1188 2928 5515

109 2961 186 3017 teste
204 2953 350 3017 Suetonio
374 2970 411 3016 ex
431 2951 536 3015 humili
556 2952 596 3014 55
615 2951 835 3033 praefecturam
851 2952 981 3033 Aegypti
1000 2952 1037 3014 nh
1052 2954 1187 3032 Augusto

109 3047 269 3121 prouectus
293 3047 374 3114 eret,
405 3055 471 3101 oum
498 3045 632 3102 nostrum
655 3037 789 3115 Gallum,
818 3055 878 3101 uon
900 3038 987 3101 modo
1010 3037 1189 3120 15555115-

108 3126 205 3188 manis
225 3127 257 3187 in
279 3125 381 3187 oribus
402 3125 585 3188 notissimum
607 3124 713 3206 (Prop.
735 3125 766 3202 1,
784 3125 823 3201 5,
844 3129 902 3191 265
924 3125 1045 3202 „Quam
1068 3124 1126 3186 cito
1150 3121 1189 3186 55

110 3218 217 3275 tento
239 3212 387 3273 nomine
408 3228 510 3274 rumor
529 3211 639 3290 eris“)‚
655 3229 757 3276 rerum
774 3212 871 3275 nobili
889 3211 959 3275 loeo
978 3218 1079 3273 netum
1094 3209 1189 3274 inisse

107 3298 172 3380 ipse
192 3297 368 3379 Propertius
389 3306 494 3361 auctor
512 3299 561 3362 sit.
601 3297 718 3362 Etenim
740 3297 803 3379 (El.
824 3299 857 3376 Ι,
878 3297 917 3377 5,
938 3301 989 3362 23.
1011 3295 1087 3379 sq.):

211 3429 269 3480 Nee
286 3427 348 3494 till,
366 3428 467 3498 inquit,
484 3428 659 3483 nobilitas
675 3431 774 3498 promsit
789 3445 944 3484 eneenmre
960 3429 1079 3483 amanti:
1111 3452 1123 3470 α
1191 3489 1198 3496 ,

246 3497 339 3549 Nescit
357 3515 433 3552 umor
448 3501 591 3567 priscis
608 3500 697 3552 cedere
714 3499 937 3567 inopinitate.

107 3615 274 3680 Praeterea
303 3634 342 3681 ue
368 3621 446 3684 retia
471 3617 590 3700 quidem
617 3627 782 3701 temporum
812 3618 960 3695 conciuit,
989 3634 1054 3680 cum
1075 3612 1208 3682 (turne.

106 3703 166 3766 lius
198 3704 253 3767 ille
280 3703 383 3767 Gallus
418 3707 517 3771 stetin
551 3713 620 3785 post
653 3711 850 3787 expugnatam
879 3703 1093 3769 Alexandriam
1125 3719 1192 3766 cum

106 3789 294 3854 exercituin
316 3792 454 3873 Aegypto
476 3791 598 3854 relictus
621 3801 702 3855 esset
724 3792 796 3867 (llio
819 3790 895 3854 (less
915 3791 975 3868 LI,
997 3793 1083 3867 17),
1107 3796 1192 3872 post·

106 3894 195 3956 qnam
217 3875 413 3957 iampridem
436 3878 591 3941 Octauiani
614 3895 663 3940 res
686 3878 718 3940 in
739 3877 905 3957 Cyrenaica
929 3887 958 3941 et
980 3875 1020 3939 55
1044 3876 1192 3958 Prerneto·¹

106 3963 186 4022 nium
207 3979 355 4043 prospere
377 3972 482 4027 eontra
494 3963 652 4027 Antonium
673 3964 768 4043 gessit
787 3962 859 4042 (Dio
879 3961 938 4040 LI,
958 3963 1016 4044 9.).
1061 3961 1191 4025 Bartlrio

106 4057 213 4124 auteur,
234 4049 286 4128 qui
301 4047 381 4110 Galli
401 4067 507 4112 nomen
527 4049 608 4111 1555
628 4049 718 4112 55515
735 4049 1066 4113 fierumessenntuuut
1084 4047 1189 4127 (illan.

104 4131 196 4215 Prop.
217 4152 248 4216 p.
272 4137 379 4211 374),
409 4154 463 4198 cur
485 4135 701 4210 assentiamur,
723 4134 808 4198 nullu
834 4144 917 4200 certe
938 4133 1051 4198 idonea
1078 4148 1190 4196 caussa

92 4228 163 4292 est,
197 4221 375 4299 praesertim
408 4239 472 4285 eum
500 4221 653 4286 Gallorum
678 4237 843 4302 cognomen
871 4220 1109 4300 uulgatissimum
1143 4218 1185 4279 iis
1278 4227 1279 4232 ’

102 4305 286 4386 temporibus
313 4306 408 4370 luisse
433 4307 614 4372 Onnmnstic.
637 4306 801 4390 Ghndorp.
824 4317 853 4372 et
875 4307 967 4390 (torp.
990 4301 1188 4370 1555655-
