<?xml version="1.0" encoding="UTF-8"?>
<!DOCTYPE html PUBLIC "-//W3C//DTD XHTML 1.0 Transitional//EN"
    "http://www.w3.org/TR/xhtml1/DTD/xhtml1-transitional.dtd">
<html xmlns="http://www.w3.org/1999/xhtml" xml:lang="en" lang="en">
 <head>
  <title>
</title>
<meta http-equiv="Content-Type" content="text/html;charset=utf-8" />
  <meta name='ocr-system' content='tesseract 3.04.00' />
  <meta name='ocr-capabilities' content='ocr_page ocr_carea ocr_par ocr_line ocrx_word'/>
</head>
<body>
  <div class='ocr_page' id='page_1' title='image "./sexaureliiprope02propgoog_0314.png"; bbox 0 0 2822 4976; ppageno 0'>
   <div class='ocr_carea' id='block_1_1' title="bbox 249 361 997 444">
    <p class='ocr_par' dir='ltr' id='par_1_1' title="bbox 249 361 997 444">
     <span class='ocr_line' id='line_1_1' title="bbox 249 361 997 444; baseline -0.008 -6"><span class='ocrx_word' id='word_1_1' title='bbox 249 375 291 438; x_wconf 87' lang='grc'><strong>32</strong></span> <span class='ocrx_word' id='word_1_2' title='bbox 573 362 789 432; x_wconf 76' lang='lat' dir='ltr'><strong>tuoruum</strong></span> <span class='ocrx_word' id='word_1_3' title='bbox 809 361 873 432; x_wconf 77' lang='grc' dir='ltr'><strong>ΕΙ..</strong></span> <span class='ocrx_word' id='word_1_4' title='bbox 894 361 942 444; x_wconf 90' lang='lat'><strong>11,</strong></span> <span class='ocrx_word' id='word_1_5' title='bbox 966 361 997 432; x_wconf 90' lang='grc'><strong>1.</strong></span> 
     </span>
    </p>
   </div>
   <div class='ocr_carea' id='block_1_2' title="bbox 213 527 1315 3104">
    <p class='ocr_par' dir='ltr' id='par_1_2' title="bbox 213 527 1315 3104">
     <span class='ocr_line' id='line_1_2' title="bbox 315 527 1158 631; baseline -0.001 -27"><span class='ocrx_word' id='word_1_6' title='bbox 315 537 379 608; x_wconf 71' lang='lat' dir='ltr'><strong>,Ut</strong></span> <span class='ocrx_word' id='word_1_7' title='bbox 398 553 534 631; x_wconf 84' lang='lat' dir='ltr'><strong>possem</strong></span> <span class='ocrx_word' id='word_1_8' title='bbox 555 532 677 602; x_wconf 89' lang='lat' dir='ltr'><strong>heroas</strong></span> <span class='ocrx_word' id='word_1_9' title='bbox 701 531 822 602; x_wconf 88' lang='lat' dir='ltr'><strong>docere</strong></span> <span class='ocrx_word' id='word_1_10' title='bbox 844 533 879 600; x_wconf 91' lang='lat' dir='ltr'><strong>in</strong></span> <span class='ocrx_word' id='word_1_11' title='bbox 902 550 996 600; x_wconf 88' lang='lat' dir='ltr'><strong>arma</strong></span> <span class='ocrx_word' id='word_1_12' title='bbox 1016 527 1158 620; x_wconf 72' lang='lat' dir='ltr'><strong>manus,</strong></span> 
     </span>
     <span class='ocr_line' id='line_1_3' title="bbox 290 633 1302 730; baseline -0.006 -21"><span class='ocrx_word' id='word_1_13' title='bbox 290 643 367 709; x_wconf 92' lang='lat' dir='ltr'><strong>Non</strong></span> <span class='ocrx_word' id='word_1_14' title='bbox 387 658 454 730; x_wconf 80' lang='lat' dir='ltr'><strong>ego</strong></span> <span class='ocrx_word' id='word_1_15' title='bbox 474 640 614 706; x_wconf 86' lang='lat' dir='ltr'><strong>Titanas</strong></span> <span class='ocrx_word' id='word_1_16' title='bbox 637 653 808 719; x_wconf 89' lang='lat' dir='ltr'><strong>canerem,</strong></span> <span class='ocrx_word' id='word_1_17' title='bbox 828 653 894 703; x_wconf 90' lang='lat' dir='ltr'><strong>non</strong></span> <span class='ocrx_word' id='word_1_18' title='bbox 916 633 1031 703; x_wconf 83' lang='lat' dir='ltr'><strong>Casan</strong></span> <span class='ocrx_word' id='word_1_19' title='bbox 1052 633 1193 724; x_wconf 83' lang='lat' dir='ltr'><strong>Olympo</strong></span> <span class='ocrx_word' id='word_1_20' title='bbox 1295 660 1302 674; x_wconf 95' lang='lat'><strong>·</strong></span> 
     </span>
     <span class='ocr_line' id='line_1_4' title="bbox 248 731 1062 830; baseline 0.002 -26"><span class='ocrx_word' id='word_1_21' title='bbox 248 759 276 804; x_wconf 84' lang='lat' dir='ltr'><strong>no</strong></span> <span class='ocrx_word' id='word_1_22' title='bbox 311 731 546 830; x_wconf 61' lang='lat' dir='ltr'><strong>&#39;Impositum</strong></span> <span class='ocrx_word' id='word_1_23' title='bbox 568 747 605 808; x_wconf 86' lang='lat' dir='ltr'><strong>ut</strong></span> <span class='ocrx_word' id='word_1_24' title='bbox 626 741 711 807; x_wconf 87' lang='lat' dir='ltr'><strong>coeli</strong></span> <span class='ocrx_word' id='word_1_25' title='bbox 733 739 849 808; x_wconf 85' lang='lat' dir='ltr'><strong>Pelion</strong></span> <span class='ocrx_word' id='word_1_26' title='bbox 872 746 967 806; x_wconf 87' lang='lat' dir='ltr'><strong>esset</strong></span> <span class='ocrx_word' id='word_1_27' title='bbox 986 743 1062 824; x_wconf 92' lang='lat' dir='ltr'><strong>iter,</strong></span> 
     </span>
     <span class='ocr_line' id='line_1_5' title="bbox 290 839 1276 932; baseline -0.006 -16"><span class='ocrx_word' id='word_1_28' title='bbox 290 848 368 926; x_wconf 91' lang='lat' dir='ltr'><strong>Non</strong></span> <span class='ocrx_word' id='word_1_29' title='bbox 387 853 523 914; x_wconf 81' lang='lat' dir='ltr'><strong>ueteres</strong></span> <span class='ocrx_word' id='word_1_30' title='bbox 545 843 699 928; x_wconf 85' lang='lat' dir='ltr'><strong>Thebas,</strong></span> <span class='ocrx_word' id='word_1_31' title='bbox 719 861 783 910; x_wconf 93' lang='lat' dir='ltr'><strong>nec</strong></span> <span class='ocrx_word' id='word_1_32' title='bbox 802 843 970 932; x_wconf 84' lang='lat' dir='ltr'><strong>Pergama</strong></span> <span class='ocrx_word' id='word_1_33' title='bbox 991 861 1110 910; x_wconf 90' lang='lat' dir='ltr'><strong>nomen</strong></span> <span class='ocrx_word' id='word_1_34' title='bbox 1129 839 1276 927; x_wconf 84' lang='lat' dir='ltr'>Homeri,</span> 
     </span>
     <span class='ocr_line' id='line_1_6' title="bbox 333 943 1035 1032; baseline -0.01 -15"><span class='ocrx_word' id='word_1_35' title='bbox 333 948 463 1018; x_wconf 85' lang='lat' dir='ltr'>Xerxis</span> <span class='ocrx_word' id='word_1_36' title='bbox 485 952 520 1012; x_wconf 91' lang='lat' dir='ltr'><strong>et</strong></span> <span class='ocrx_word' id='word_1_37' title='bbox 543 947 679 1032; x_wconf 92' lang='lat' dir='ltr'><strong>imperio</strong></span> <span class='ocrx_word' id='word_1_38' title='bbox 702 947 780 1012; x_wconf 85' lang='lat' dir='ltr'><strong>bina</strong></span> <span class='ocrx_word' id='word_1_39' title='bbox 801 947 912 1011; x_wconf 90' lang='lat' dir='ltr'><strong>coisse</strong></span> <span class='ocrx_word' id='word_1_40' title='bbox 932 943 1035 1024; x_wconf 89' lang='lat' dir='ltr'><strong>vado,</strong></span> 
     </span>
     <span class='ocr_line' id='line_1_7' title="bbox 289 1044 1298 1140; baseline -0.005 -23"><span class='ocrx_word' id='word_1_41' title='bbox 289 1051 456 1140; x_wconf 80' lang='lat' dir='ltr'><strong>Regnare</strong></span> <span class='ocrx_word' id='word_1_42' title='bbox 478 1052 582 1136; x_wconf 89' lang='lat' dir='ltr'><strong>prima</strong></span> <span class='ocrx_word' id='word_1_43' title='bbox 602 1049 717 1131; x_wconf 81' lang='lat' dir='ltr'><strong>Remi,</strong></span> <span class='ocrx_word' id='word_1_44' title='bbox 739 1053 797 1114; x_wconf 89' lang='lat' dir='ltr'><strong>aut</strong></span> <span class='ocrx_word' id='word_1_45' title='bbox 819 1049 945 1120; x_wconf 76' lang='lat' dir='ltr'><strong>animos</strong></span> <span class='ocrx_word' id='word_1_46' title='bbox 963 1044 1180 1135; x_wconf 73' lang='lat' dir='ltr'><strong>Carthaginis</strong></span> <span class='ocrx_word' id='word_1_47' title='bbox 1202 1045 1298 1130; x_wconf 83' lang='lat' dir='ltr'><strong>altae,</strong></span> 
     </span>
     <span class='ocr_line' id='line_1_8' title="bbox 332 1148 1106 1237; baseline -0.012 -16"><span class='ocrx_word' id='word_1_48' title='bbox 332 1152 600 1237; x_wconf 82' lang='lat' dir='ltr'><strong>Cimbrorumque</strong></span> <span class='ocrx_word' id='word_1_49' title='bbox 621 1152 728 1218; x_wconf 87' lang='lat' dir='ltr'><strong>minas</strong></span> <span class='ocrx_word' id='word_1_50' title='bbox 751 1153 785 1216; x_wconf 88' lang='lat' dir='ltr'><strong>et</strong></span> <span class='ocrx_word' id='word_1_51' title='bbox 806 1149 982 1215; x_wconf 85' lang='lat' dir='ltr'><strong>benefacto</strong></span> <span class='ocrx_word' id='word_1_52' title='bbox 1003 1148 1106 1214; x_wconf 87' lang='lat' dir='ltr'><strong>Mari:</strong></span> 
     </span>
     <span class='ocr_line' id='line_1_9' title="bbox 246 1248 1215 1343; baseline -0.004 -21"><span class='ocrx_word' id='word_1_53' title='bbox 246 1274 273 1322; x_wconf 75' lang='lat' dir='ltr'><strong>aa</strong></span> <span class='ocrx_word' id='word_1_54' title='bbox 289 1255 451 1343; x_wconf 83' lang='lat' dir='ltr'><strong>Bellaque</strong></span> <span class='ocrx_word' id='word_1_55' title='bbox 471 1271 593 1340; x_wconf 90' lang='lat' dir='ltr'><strong>resque</strong></span> <span class='ocrx_word' id='word_1_56' title='bbox 613 1255 663 1320; x_wconf 88' lang='lat' dir='ltr'><strong>tui</strong></span> <span class='ocrx_word' id='word_1_57' title='bbox 684 1269 897 1320; x_wconf 80' lang='lat' dir='ltr'><strong>memorarem</strong></span> <span class='ocrx_word' id='word_1_58' title='bbox 920 1248 1100 1335; x_wconf 76' lang='lat' dir='ltr'><strong>Caesaris,</strong></span> <span class='ocrx_word' id='word_1_59' title='bbox 1121 1256 1157 1319; x_wconf 87' lang='lat' dir='ltr'><strong>et</strong></span> <span class='ocrx_word' id='word_1_60' title='bbox 1177 1257 1215 1318; x_wconf 89' lang='lat' dir='ltr'><strong>tu</strong></span> 
     </span>
     <span class='ocr_line' id='line_1_10' title="bbox 333 1353 1103 1452; baseline -0.005 -20"><span class='ocrx_word' id='word_1_61' title='bbox 333 1363 486 1432; x_wconf 79' lang='lat' dir='ltr'><strong>Caesare</strong></span> <span class='ocrx_word' id='word_1_62' title='bbox 505 1357 567 1431; x_wconf 83' lang='lat' dir='ltr'><strong>suh</strong></span> <span class='ocrx_word' id='word_1_63' title='bbox 587 1373 708 1452; x_wconf 78' lang='lat' dir='ltr'><strong>magau</strong></span> <span class='ocrx_word' id='word_1_64' title='bbox 731 1373 811 1432; x_wconf 81' lang='lat' dir='ltr'><strong>cnra</strong></span> <span class='ocrx_word' id='word_1_65' title='bbox 832 1353 982 1420; x_wconf 82' lang='lat' dir='ltr'><strong>secunda</strong></span> <span class='ocrx_word' id='word_1_66' title='bbox 1001 1355 1103 1420; x_wconf 83' lang='lat' dir='ltr'><strong>fores.</strong></span> 
     </span>
     <span class='ocr_line' id='line_1_11' title="bbox 288 1457 1252 1556; baseline -0.01 -16"><span class='ocrx_word' id='word_1_67' title='bbox 288 1467 374 1540; x_wconf 88' lang='lat' dir='ltr'><strong>Nam</strong></span> <span class='ocrx_word' id='word_1_68' title='bbox 397 1465 549 1556; x_wconf 90' lang='lat' dir='ltr'><strong>quotiens</strong></span> <span class='ocrx_word' id='word_1_69' title='bbox 566 1467 727 1535; x_wconf 80' lang='lat' dir='ltr'><strong>Mutinam</strong></span> <span class='ocrx_word' id='word_1_70' title='bbox 749 1472 808 1534; x_wconf 89' lang='lat' dir='ltr'><strong>aut</strong></span> <span class='ocrx_word' id='word_1_71' title='bbox 829 1464 941 1535; x_wconf 90' lang='lat' dir='ltr'><strong>civilia</strong></span> <span class='ocrx_word' id='word_1_72' title='bbox 962 1460 1060 1534; x_wconf 84' lang='lat' dir='ltr'><strong>busta</strong></span> <span class='ocrx_word' id='word_1_73' title='bbox 1081 1457 1252 1552; x_wconf 78' lang='lat' dir='ltr'><strong>Philippos</strong></span> 
     </span>
     <span class='ocr_line' id='line_1_12' title="bbox 332 1567 1144 1655; baseline -0.009 -16"><span class='ocrx_word' id='word_1_74' title='bbox 332 1572 403 1639; x_wconf 87' lang='lat' dir='ltr'><strong>Aut</strong></span> <span class='ocrx_word' id='word_1_75' title='bbox 421 1589 574 1638; x_wconf 89' lang='lat' dir='ltr'><strong>canerem</strong></span> <span class='ocrx_word' id='word_1_76' title='bbox 593 1569 731 1638; x_wconf 83' lang='lat' dir='ltr'><strong>Siculae</strong></span> <span class='ocrx_word' id='word_1_77' title='bbox 753 1569 898 1636; x_wconf 88' lang='lat' dir='ltr'><strong>classica</strong></span> <span class='ocrx_word' id='word_1_78' title='bbox 917 1567 1006 1635; x_wconf 90' lang='lat' dir='ltr'><strong>bella</strong></span> <span class='ocrx_word' id='word_1_79' title='bbox 1028 1567 1144 1655; x_wconf 83' lang='lat' dir='ltr'><strong>fugae,</strong></span> 
     </span>
     <span class='ocr_line' id='line_1_13' title="bbox 289 1667 1135 1758; baseline -0.008 -16"><span class='ocrx_word' id='word_1_80' title='bbox 289 1669 510 1758; x_wconf 84' lang='lat' dir='ltr'><strong>Eversosque</strong></span> <span class='ocrx_word' id='word_1_81' title='bbox 530 1671 623 1740; x_wconf 82' lang='lat' dir='ltr'><strong>socos</strong></span> <span class='ocrx_word' id='word_1_82' title='bbox 645 1673 803 1756; x_wconf 87' lang='lat' dir='ltr'><strong>antiquae</strong></span> <span class='ocrx_word' id='word_1_83' title='bbox 822 1671 936 1758; x_wconf 85' lang='lat' dir='ltr'><strong>gentis</strong></span> <span class='ocrx_word' id='word_1_84' title='bbox 955 1667 1135 1753; x_wconf 83' lang='lat' dir='ltr'><strong>Etruscae,</strong></span> 
     </span>
     <span class='ocr_line' id='line_1_14' title="bbox 246 1772 992 1860; baseline -0.008 -16"><span class='ocrx_word' id='word_1_85' title='bbox 246 1791 273 1836; x_wconf 78' lang='lat' dir='ltr'><strong>m</strong></span> <span class='ocrx_word' id='word_1_86' title='bbox 331 1776 400 1844; x_wconf 85' lang='lat' dir='ltr'><strong>Aut</strong></span> <span class='ocrx_word' id='word_1_87' title='bbox 421 1775 624 1842; x_wconf 84' lang='lat' dir='ltr'><strong>Ptolemaeei</strong></span> <span class='ocrx_word' id='word_1_88' title='bbox 642 1773 739 1841; x_wconf 89' lang='lat' dir='ltr'><strong>litora</strong></span> <span class='ocrx_word' id='word_1_89' title='bbox 761 1782 860 1860; x_wconf 89' lang='lat' dir='ltr'><strong>capta</strong></span> <span class='ocrx_word' id='word_1_90' title='bbox 880 1772 992 1855; x_wconf 90' lang='lat' dir='ltr'><strong>Phari,</strong></span> 
     </span>
     <span class='ocr_line' id='line_1_15' title="bbox 213 1869 1315 1970; baseline -0.001 -24"><span class='ocrx_word' id='word_1_91' title='bbox 213 1967 214 1970; x_wconf 8' lang='grc' dir='ltr'><strong>Ἴ</strong></span> <span class='ocrx_word' id='word_1_92' title='bbox 290 1869 361 1946; x_wconf 78' lang='lat' dir='ltr'><strong>dut</strong></span> <span class='ocrx_word' id='word_1_93' title='bbox 382 1894 535 1944; x_wconf 90' lang='lat' dir='ltr'><strong>canerem</strong></span> <span class='ocrx_word' id='word_1_94' title='bbox 552 1876 696 1964; x_wconf 87' lang='lat' dir='ltr'><strong>Cyprum</strong></span> <span class='ocrx_word' id='word_1_95' title='bbox 718 1884 753 1945; x_wconf 95' lang='lat' dir='ltr'><strong>et</strong></span> <span class='ocrx_word' id='word_1_96' title='bbox 770 1878 892 1962; x_wconf 90' lang='lat' dir='ltr'><strong>Nilum,</strong></span> <span class='ocrx_word' id='word_1_97' title='bbox 914 1895 988 1943; x_wconf 90' lang='lat' dir='ltr'><strong>cam</strong></span> <span class='ocrx_word' id='word_1_98' title='bbox 1007 1882 1136 1945; x_wconf 84' lang='lat' dir='ltr'><strong>tractus</strong></span> <span class='ocrx_word' id='word_1_99' title='bbox 1156 1877 1193 1946; x_wconf 94' lang='lat' dir='ltr'><strong>in</strong></span> <span class='ocrx_word' id='word_1_100' title='bbox 1212 1877 1315 1949; x_wconf 89' lang='lat' dir='ltr'><strong>urhem</strong></span> 
     </span>
     <span class='ocr_line' id='line_1_16' title="bbox 334 1978 1007 2067; baseline -0.003 -19"><span class='ocrx_word' id='word_1_101' title='bbox 334 1978 474 2066; x_wconf 81' lang='lat' dir='ltr'><strong>Septem</strong></span> <span class='ocrx_word' id='word_1_102' title='bbox 496 1983 640 2067; x_wconf 88' lang='lat' dir='ltr'><strong>captiuis</strong></span> <span class='ocrx_word' id='word_1_103' title='bbox 664 1980 785 2050; x_wconf 86' lang='lat' dir='ltr'><strong>debilis</strong></span> <span class='ocrx_word' id='word_1_104' title='bbox 805 1983 876 2049; x_wconf 91' lang='lat' dir='ltr'><strong>ibat</strong></span> <span class='ocrx_word' id='word_1_105' title='bbox 897 1983 1007 2066; x_wconf 90' lang='lat' dir='ltr'><strong>aquis,</strong></span> 
     </span>
     <span class='ocr_line' id='line_1_17' title="bbox 290 2082 1140 2172; baseline -0.001 -21"><span class='ocrx_word' id='word_1_106' title='bbox 290 2082 361 2151; x_wconf 88' lang='lat' dir='ltr'><strong>Aut</strong></span> <span class='ocrx_word' id='word_1_107' title='bbox 380 2101 496 2172; x_wconf 83' lang='lat' dir='ltr'><strong>regum</strong></span> <span class='ocrx_word' id='word_1_108' title='bbox 518 2087 646 2150; x_wconf 90' lang='lat' dir='ltr'><strong>auratis</strong></span> <span class='ocrx_word' id='word_1_109' title='bbox 668 2084 871 2151; x_wconf 89' lang='lat' dir='ltr'><strong>circumdata</strong></span> <span class='ocrx_word' id='word_1_110' title='bbox 893 2084 979 2152; x_wconf 90' lang='lat' dir='ltr'><strong>colla</strong></span> <span class='ocrx_word' id='word_1_111' title='bbox 1000 2085 1140 2170; x_wconf 85' lang='lat' dir='ltr'><strong>catenis,</strong></span> 
     </span>
     <span class='ocr_line' id='line_1_18' title="bbox 332 2183 1069 2271; baseline 0.003 -19"><span class='ocrx_word' id='word_1_112' title='bbox 332 2185 497 2271; x_wconf 82' lang='lat' dir='ltr'><strong>Actiaque</strong></span> <span class='ocrx_word' id='word_1_113' title='bbox 517 2187 552 2252; x_wconf 88' lang='lat' dir='ltr'><strong>in</strong></span> <span class='ocrx_word' id='word_1_114' title='bbox 573 2183 683 2254; x_wconf 75' lang='lat' dir='ltr'><strong>Sacra</strong></span> <span class='ocrx_word' id='word_1_115' title='bbox 703 2193 838 2254; x_wconf 90' lang='lat' dir='ltr'><strong>currere</strong></span> <span class='ocrx_word' id='word_1_116' title='bbox 859 2193 969 2254; x_wconf 91' lang='lat' dir='ltr'><strong>rostra</strong></span> <span class='ocrx_word' id='word_1_117' title='bbox 988 2189 1069 2256; x_wconf 86' lang='lat' dir='ltr'><strong>Via:</strong></span> 
     </span>
     <span class='ocr_line' id='line_1_19' title="bbox 245 2286 1145 2376; baseline 0.007 -24"><span class='ocrx_word' id='word_1_118' title='bbox 245 2299 272 2345; x_wconf 74' lang='lat' dir='ltr'><strong>tt</strong></span> <span class='ocrx_word' id='word_1_119' title='bbox 288 2286 339 2353; x_wconf 79' lang='lat' dir='ltr'><strong>&#39;l&#39;e</strong></span> <span class='ocrx_word' id='word_1_120' title='bbox 360 2305 434 2353; x_wconf 91' lang='lat' dir='ltr'><strong>mea</strong></span> <span class='ocrx_word' id='word_1_121' title='bbox 455 2287 556 2354; x_wconf 87' lang='lat' dir='ltr'><strong>illusa</strong></span> <span class='ocrx_word' id='word_1_122' title='bbox 575 2289 641 2354; x_wconf 91' lang='lat' dir='ltr'><strong>illis</strong></span> <span class='ocrx_word' id='word_1_123' title='bbox 663 2307 797 2376; x_wconf 85' lang='lat' dir='ltr'><strong>semper</strong></span> <span class='ocrx_word' id='word_1_124' title='bbox 817 2294 1013 2357; x_wconf 86' lang='lat' dir='ltr'><strong>contexeret</strong></span> <span class='ocrx_word' id='word_1_125' title='bbox 1033 2292 1145 2376; x_wconf 69' lang='lat' dir='ltr'><strong>armiS,</strong></span> 
     </span>
     <span class='ocr_line' id='line_1_20' title="bbox 330 2388 1074 2479; baseline -0.001 -20"><span class='ocrx_word' id='word_1_126' title='bbox 330 2388 379 2459; x_wconf 78' lang='lat' dir='ltr'><strong>m</strong></span> <span class='ocrx_word' id='word_1_127' title='bbox 400 2398 530 2476; x_wconf 89' lang='lat' dir='ltr'><strong>sumpta</strong></span> <span class='ocrx_word' id='word_1_128' title='bbox 552 2397 586 2458; x_wconf 92' lang='lat' dir='ltr'><strong>et</strong></span> <span class='ocrx_word' id='word_1_129' title='bbox 606 2394 719 2479; x_wconf 90' lang='lat' dir='ltr'><strong>posita</strong></span> <span class='ocrx_word' id='word_1_130' title='bbox 740 2411 825 2479; x_wconf 91' lang='lat' dir='ltr'><strong>pace</strong></span> <span class='ocrx_word' id='word_1_131' title='bbox 846 2392 945 2460; x_wconf 87' lang='lat' dir='ltr'><strong>fidele</strong></span> <span class='ocrx_word' id='word_1_132' title='bbox 964 2398 1074 2479; x_wconf 92' lang='lat' dir='ltr'><strong>caput.</strong></span> 
     </span>
     <span class='ocr_line' id='line_1_21' title="bbox 287 2493 1117 2584; baseline 0.001 -23"><span class='ocrx_word' id='word_1_133' title='bbox 287 2493 442 2561; x_wconf 80' lang='lat' dir='ltr'><strong>Theseus</strong></span> <span class='ocrx_word' id='word_1_134' title='bbox 463 2496 621 2581; x_wconf 78' lang='lat' dir='ltr'><strong>infamis,</strong></span> <span class='ocrx_word' id='word_1_135' title='bbox 643 2498 774 2584; x_wconf 87' lang='lat' dir='ltr'><strong>superis</strong></span> <span class='ocrx_word' id='word_1_136' title='bbox 795 2494 1117 2580; x_wconf 85' lang='lat' dir='ltr'><strong>testatur-Achilles,</strong></span> 
     </span>
     <span class='ocr_line' id='line_1_22' title="bbox 330 2594 948 2682; baseline 0.01 -20"><span class='ocrx_word' id='word_1_137' title='bbox 330 2596 396 2662; x_wconf 89' lang='lat' dir='ltr'><strong>Hic</strong></span> <span class='ocrx_word' id='word_1_138' title='bbox 414 2594 605 2682; x_wconf 83' lang='lat' dir='ltr'><strong>Ixioniden,</strong></span> <span class='ocrx_word' id='word_1_139' title='bbox 626 2599 683 2666; x_wconf 87' lang='lat' dir='ltr'><strong>ifle</strong></span> <span class='ocrx_word' id='word_1_140' title='bbox 701 2598 948 2668; x_wconf 88' lang='lat' dir='ltr'><strong>Menoetiaden.</strong></span> 
     </span>
     <span class='ocr_line' id='line_1_23' title="bbox 287 2698 1264 2796; baseline -0.002 -26"><span class='ocrx_word' id='word_1_141' title='bbox 287 2698 367 2796; x_wconf 78' lang='lat' dir='ltr'><strong>Set</strong></span> <span class='ocrx_word' id='word_1_142' title='bbox 381 2717 490 2788; x_wconf 85' lang='lat' dir='ltr'><strong>neque</strong></span> <span class='ocrx_word' id='word_1_143' title='bbox 510 2701 718 2790; x_wconf 83' lang='lat' dir='ltr'><strong>Phlegraeos</strong></span> <span class='ocrx_word' id='word_1_144' title='bbox 740 2702 832 2770; x_wconf 87' lang='lat' dir='ltr'><strong>lovis</strong></span> <span class='ocrx_word' id='word_1_145' title='bbox 853 2701 1085 2789; x_wconf 84' lang='lat' dir='ltr'><strong>Enceladique</strong></span> <span class='ocrx_word' id='word_1_146' title='bbox 1106 2700 1264 2770; x_wconf 85' lang='lat' dir='ltr'><strong>tumultus</strong></span> 
     </span>
     <span class='ocr_line' id='line_1_24' title="bbox 243 2803 1044 2894; baseline 0.002 -26"><span class='ocrx_word' id='word_1_147' title='bbox 243 2821 271 2868; x_wconf 84' lang='lat' dir='ltr'><strong>a</strong></span> <span class='ocrx_word' id='word_1_148' title='bbox 332 2803 464 2871; x_wconf 89' lang='lat' dir='ltr'><strong>lntonet</strong></span> <span class='ocrx_word' id='word_1_149' title='bbox 485 2813 631 2894; x_wconf 83' lang='lat' dir='ltr'><strong>angusto</strong></span> <span class='ocrx_word' id='word_1_150' title='bbox 654 2811 791 2892; x_wconf 87' lang='lat' dir='ltr'><strong>pectore</strong></span> <span class='ocrx_word' id='word_1_151' title='bbox 810 2803 1044 2889; x_wconf 84' lang='lat' dir='ltr'><strong>Callimachus,</strong></span> 
     </span>
     <span class='ocr_line' id='line_1_25' title="bbox 287 2899 1124 2995; baseline -0.006 -18"><span class='ocrx_word' id='word_1_152' title='bbox 287 2909 362 2977; x_wconf 89' lang='lat' dir='ltr'><strong>Nec</strong></span> <span class='ocrx_word' id='word_1_153' title='bbox 382 2926 458 2974; x_wconf 91' lang='lat' dir='ltr'><strong>mea</strong></span> <span class='ocrx_word' id='word_1_154' title='bbox 477 2899 677 2977; x_wconf 86' lang='lat' dir='ltr'><strong>conveniunt</strong></span> <span class='ocrx_word' id='word_1_155' title='bbox 700 2907 781 2976; x_wconf 91' lang='lat' dir='ltr'><strong>duro</strong></span> <span class='ocrx_word' id='word_1_156' title='bbox 805 2907 1001 2995; x_wconf 88' lang='lat' dir='ltr'><strong>praecordia</strong></span> <span class='ocrx_word' id='word_1_157' title='bbox 1020 2925 1124 2975; x_wconf 87' lang='lat' dir='ltr'><strong>versu</strong></span> 
     </span>
     <span class='ocr_line' id='line_1_26' title="bbox 330 3010 1160 3104; baseline -0.005 -22"><span class='ocrx_word' id='word_1_158' title='bbox 330 3010 490 3082; x_wconf 87' lang='lat' dir='ltr'><strong>Caesaris</strong></span> <span class='ocrx_word' id='word_1_159' title='bbox 511 3012 734 3104; x_wconf 79' lang='lat' dir='ltr'><strong>inPhrygios</strong></span> <span class='ocrx_word' id='word_1_160' title='bbox 756 3011 901 3080; x_wconf 87' lang='lat' dir='ltr'><strong>condere</strong></span> <span class='ocrx_word' id='word_1_161' title='bbox 921 3029 1040 3080; x_wconf 90' lang='lat' dir='ltr'><strong>nomen</strong></span> <span class='ocrx_word' id='word_1_162' title='bbox 1061 3028 1160 3078; x_wconf 87' lang='lat' dir='ltr'><strong>avos.</strong></span> 
     </span>
    </p>
   </div>
   <div class='ocr_carea' id='block_1_3' title="bbox 211 3166 1386 4445">
    <p class='ocr_par' dir='ltr' id='par_1_3' title="bbox 211 3166 1386 4445">
     <span class='ocr_line' id='line_1_27' title="bbox 316 3166 1311 3248; baseline -0.007 -19"><span class='ocrx_word' id='word_1_163' title='bbox 316 3174 359 3232; x_wconf 62' lang='lat'><strong>18.</strong></span> <span class='ocrx_word' id='word_1_164' title='bbox 376 3193 468 3245; x_wconf 80' lang='lat' dir='ltr'><strong>posses</strong></span> <span class='ocrx_word' id='word_1_165' title='bbox 486 3177 527 3236; x_wconf 87' lang='grc' dir='ltr'><strong>Μ.</strong></span> <span class='ocrx_word' id='word_1_166' title='bbox 600 3183 645 3235; x_wconf 86' lang='grc'><strong>20.</strong></span> <span class='ocrx_word' id='word_1_167' title='bbox 665 3177 822 3248; x_wconf 81' lang='lat' dir='ltr'><strong>Inpositam</strong></span> <span class='ocrx_word' id='word_1_168' title='bbox 839 3167 878 3234; x_wconf 90' lang='lat' dir='ltr'><strong>N.</strong></span> <span class='ocrx_word' id='word_1_169' title='bbox 892 3175 946 3233; x_wconf 77' lang='lat' dir='ltr'><strong>nt.</strong></span> <span class='ocrx_word' id='word_1_170' title='bbox 969 3175 1012 3246; x_wconf 84' lang='lat' dir='ltr'><strong>ut]</strong></span> <span class='ocrx_word' id='word_1_171' title='bbox 1030 3180 1059 3230; x_wconf 83' lang='lat' dir='ltr'><strong>at</strong></span> <span class='ocrx_word' id='word_1_172' title='bbox 1075 3173 1129 3228; x_wconf 76' lang='lat' dir='ltr'><strong>ut.</strong></span> <span class='ocrx_word' id='word_1_173' title='bbox 1153 3175 1248 3242; x_wconf 84' lang='lat' dir='ltr'><strong>paleon</strong></span> <span class='ocrx_word' id='word_1_174' title='bbox 1264 3166 1311 3222; x_wconf 78' lang='lat' dir='ltr'><strong>tlt·</strong></span> 
     </span>
     <span class='ocr_line' id='line_1_28' title="bbox 243 3255 1314 3333; baseline -0.015 -12"><span class='ocrx_word' id='word_1_175' title='bbox 243 3269 288 3321; x_wconf 97' lang='grc'><strong>21.</strong></span> <span class='ocrx_word' id='word_1_176' title='bbox 305 3263 364 3316; x_wconf 88' lang='lat' dir='ltr'><strong>Nee</strong></span> <span class='ocrx_word' id='word_1_177' title='bbox 382 3263 417 3318; x_wconf 89' lang='lat' dir='ltr'><strong>G.</strong></span> <span class='ocrx_word' id='word_1_178' title='bbox 427 3265 465 3317; x_wconf 93' lang='lat' dir='ltr'><strong>N.</strong></span> <span class='ocrx_word' id='word_1_179' title='bbox 483 3263 539 3333; x_wconf 67' lang='lat' dir='ltr'><strong>trgi</strong></span> <span class='ocrx_word' id='word_1_180' title='bbox 557 3263 619 3327; x_wconf 78' lang='lat' dir='ltr'><strong>(sic)</strong></span> <span class='ocrx_word' id='word_1_181' title='bbox 637 3264 676 3319; x_wconf 91' lang='lat' dir='ltr'><strong>N.</strong></span> <span class='ocrx_word' id='word_1_182' title='bbox 729 3268 774 3319; x_wconf 89' lang='grc'><strong>22.</strong></span> <span class='ocrx_word' id='word_1_183' title='bbox 791 3262 884 3317; x_wconf 82' lang='lat' dir='ltr'><strong>Xersis</strong></span> <span class='ocrx_word' id='word_1_184' title='bbox 901 3264 933 3315; x_wconf 78' lang='lat' dir='ltr'><strong>C.</strong></span> <span class='ocrx_word' id='word_1_185' title='bbox 946 3263 984 3318; x_wconf 92' lang='lat' dir='ltr'><strong>N.</strong></span> <span class='ocrx_word' id='word_1_186' title='bbox 997 3261 1060 3331; x_wconf 71' lang='lat' dir='ltr'><strong>tlt„</strong></span> <span class='ocrx_word' id='word_1_187' title='bbox 1077 3259 1169 3312; x_wconf 74' lang='lat' dir='ltr'><strong>dorsis</strong></span> <span class='ocrx_word' id='word_1_188' title='bbox 1188 3259 1238 3326; x_wconf 66' lang='lat' dir='ltr'><strong>M„</strong></span> <span class='ocrx_word' id='word_1_189' title='bbox 1254 3255 1314 3308; x_wconf 87' lang='lat' dir='ltr'><strong>Per·</strong></span> 
     </span>
     <span class='ocr_line' id='line_1_29' title="bbox 243 3336 1312 3416; baseline -0.009 -14"><span class='ocrx_word' id='word_1_190' title='bbox 243 3347 281 3402; x_wconf 83' lang='lat' dir='ltr'><strong>sis</strong></span> <span class='ocrx_word' id='word_1_191' title='bbox 298 3348 335 3398; x_wconf 86' lang='lat'><strong>11.</strong></span> <span class='ocrx_word' id='word_1_192' title='bbox 361 3344 466 3400; x_wconf 80' lang='lat' dir='ltr'><strong>choissa</strong></span> <span class='ocrx_word' id='word_1_193' title='bbox 483 3347 554 3416; x_wconf 75' lang='lat' dir='ltr'><strong>flia,</strong></span> <span class='ocrx_word' id='word_1_194' title='bbox 574 3347 678 3401; x_wconf 75' lang='lat' dir='ltr'><strong>collisae</strong></span> <span class='ocrx_word' id='word_1_195' title='bbox 699 3349 732 3402; x_wconf 81' lang='lat' dir='ltr'><strong>C.</strong></span> <span class='ocrx_word' id='word_1_196' title='bbox 800 3351 844 3400; x_wconf 89' lang='grc'><strong>23.</strong></span> <span class='ocrx_word' id='word_1_197' title='bbox 863 3347 993 3413; x_wconf 79' lang='lat' dir='ltr'><strong>Regnane</strong></span> <span class='ocrx_word' id='word_1_198' title='bbox 1008 3345 1061 3402; x_wconf 81' lang='lat' dir='ltr'><strong>Hb.</strong></span> <span class='ocrx_word' id='word_1_199' title='bbox 1087 3341 1249 3409; x_wconf 75' lang='lat' dir='ltr'><strong>chartaginis</strong></span> <span class='ocrx_word' id='word_1_200' title='bbox 1265 3336 1312 3390; x_wconf 74' lang='lat' dir='ltr'><strong>Hi·</strong></span> 
     </span>
     <span class='ocr_line' id='line_1_30' title="bbox 242 3422 1312 3492; baseline -0.008 -5"><span class='ocrx_word' id='word_1_201' title='bbox 242 3437 285 3490; x_wconf 77' lang='grc'><strong>21.</strong></span> <span class='ocrx_word' id='word_1_202' title='bbox 302 3433 399 3487; x_wconf 81' lang='lat' dir='ltr'><strong>minae.</strong></span> <span class='ocrx_word' id='word_1_203' title='bbox 451 3438 496 3487; x_wconf 87' lang='grc'><strong>26.</strong></span> <span class='ocrx_word' id='word_1_204' title='bbox 514 3434 594 3488; x_wconf 80' lang='lat' dir='ltr'><strong>foret.</strong></span> <span class='ocrx_word' id='word_1_205' title='bbox 647 3432 838 3492; x_wconf 69' lang='lat' dir='ltr'><strong>camoenam</strong></span> <span class='ocrx_word' id='word_1_206' title='bbox 860 3434 893 3485; x_wconf 75' lang='lat' dir='ltr'><strong>C.</strong></span> <span class='ocrx_word' id='word_1_207' title='bbox 946 3437 990 3487; x_wconf 88' lang='grc'><strong>29.</strong></span> <span class='ocrx_word' id='word_1_208' title='bbox 1008 3431 1102 3485; x_wconf 80' lang='lat' dir='ltr'><strong>lochos</strong></span> <span class='ocrx_word' id='word_1_209' title='bbox 1119 3430 1174 3488; x_wconf 81' lang='lat' dir='ltr'><strong>Hb.</strong></span> <span class='ocrx_word' id='word_1_210' title='bbox 1225 3431 1267 3483; x_wconf 80' lang='grc'><strong>30.</strong></span> <span class='ocrx_word' id='word_1_211' title='bbox 1281 3422 1312 3477; x_wconf 78' lang='lat' dir='ltr'><strong>tit</strong></span> 
     </span>
     <span class='ocr_line' id='line_1_31' title="bbox 242 3455 1386 3587; baseline -0.011 -17"><span class='ocrx_word' id='word_1_212' title='bbox 242 3519 282 3572; x_wconf 89' lang='lat' dir='ltr'><strong>N.</strong></span> <span class='ocrx_word' id='word_1_213' title='bbox 300 3515 353 3571; x_wconf 77' lang='lat' dir='ltr'><strong>nt.</strong></span> <span class='ocrx_word' id='word_1_214' title='bbox 373 3515 535 3584; x_wconf 88' lang='lat' dir='ltr'><strong>ptolomenei</strong></span> <span class='ocrx_word' id='word_1_215' title='bbox 553 3518 591 3575; x_wconf 88' lang='lat' dir='ltr'><strong>N.</strong></span> <span class='ocrx_word' id='word_1_216' title='bbox 606 3509 657 3587; x_wconf 67' lang='lat' dir='ltr'><strong>lh,</strong></span> <span class='ocrx_word' id='word_1_217' title='bbox 675 3515 857 3586; x_wconf 83' lang='lat' dir='ltr'><strong>ptholomenai</strong></span> <span class='ocrx_word' id='word_1_218' title='bbox 875 3511 1159 3582; x_wconf 77' lang='lat' dir='ltr'><strong>tlh.,&#39;ptholemaenei</strong></span> <span class='ocrx_word' id='word_1_219' title='bbox 1176 3530 1219 3580; x_wconf 72' lang='lat' dir='ltr'><strong>a,</strong></span> <span class='ocrx_word' id='word_1_220' title='bbox 1236 3509 1313 3578; x_wconf 83' lang='lat' dir='ltr'><strong>plrao·</strong></span> <span class='ocrx_word' id='word_1_221' title='bbox 1385 3455 1386 3546; x_wconf 76' lang='lat' dir='ltr'><strong>i</strong></span> 
     </span>
     <span class='ocr_line' id='line_1_32' title="bbox 244 3593 1312 3674; baseline -0.01 -17"><span class='ocrx_word' id='word_1_222' title='bbox 244 3603 323 3658; x_wconf 68' lang='lat' dir='ltr'><strong>lornei</strong></span> <span class='ocrx_word' id='word_1_223' title='bbox 336 3605 379 3671; x_wconf 74' lang='grc'><strong>6,,</strong></span> <span class='ocrx_word' id='word_1_224' title='bbox 396 3599 584 3656; x_wconf 85' lang='lat' dir='ltr'><strong>Ptolemaeeae</strong></span> <span class='ocrx_word' id='word_1_225' title='bbox 596 3622 634 3674; x_wconf 82' lang='lat' dir='ltr'><strong>ra,</strong></span> <span class='ocrx_word' id='word_1_226' title='bbox 652 3601 812 3671; x_wconf 80' lang='lat' dir='ltr'><strong>ptolemoaei</strong></span> <span class='ocrx_word' id='word_1_227' title='bbox 822 3604 859 3659; x_wconf 82' lang='lat'><strong>11.</strong></span> <span class='ocrx_word' id='word_1_228' title='bbox 871 3603 922 3668; x_wconf 80' lang='lat' dir='ltr'><strong>tt..</strong></span> <span class='ocrx_word' id='word_1_229' title='bbox 938 3599 1161 3656; x_wconf 84' lang='lat' dir='ltr'><strong>Ptholonraeaaaa</strong></span> <span class='ocrx_word' id='word_1_230' title='bbox 1173 3601 1206 3654; x_wconf 90' lang='lat' dir='ltr'><strong>P.</strong></span> <span class='ocrx_word' id='word_1_231' title='bbox 1222 3593 1269 3649; x_wconf 83' lang='lat' dir='ltr'><strong>lari</strong></span> <span class='ocrx_word' id='word_1_232' title='bbox 1282 3593 1312 3647; x_wconf 81' lang='grc'><strong>1).</strong></span> 
     </span>
     <span class='ocr_line' id='line_1_33' title="bbox 241 3676 1312 3760; baseline -0.003 -17"><span class='ocrx_word' id='word_1_233' title='bbox 241 3694 285 3744; x_wconf 93' lang='grc'><strong>31.</strong></span> <span class='ocrx_word' id='word_1_234' title='bbox 303 3692 412 3742; x_wconf 87' lang='lat' dir='ltr'><strong>caneret</strong></span> <span class='ocrx_word' id='word_1_235' title='bbox 429 3689 531 3756; x_wconf 84' lang='lat' dir='ltr'><strong>ciprum</strong></span> <span class='ocrx_word' id='word_1_236' title='bbox 546 3689 617 3760; x_wconf 69' lang='lat' dir='ltr'><strong>nt„</strong></span> <span class='ocrx_word' id='word_1_237' title='bbox 641 3706 764 3744; x_wconf 85' lang='lat' dir='ltr'><strong>canerem</strong></span> <span class='ocrx_word' id='word_1_238' title='bbox 783 3693 890 3756; x_wconf 81' lang='lat' dir='ltr'><strong>oyplum</strong></span> <span class='ocrx_word' id='word_1_239' title='bbox 908 3688 963 3754; x_wconf 91' lang='lat' dir='ltr'><strong>N.,</strong></span> <span class='ocrx_word' id='word_1_240' title='bbox 981 3685 1132 3754; x_wconf 77' lang='lat' dir='ltr'><strong>Aegyptum</strong></span> <span class='ocrx_word' id='word_1_241' title='bbox 1146 3687 1181 3740; x_wconf 79' lang='lat' dir='ltr'><strong>rt.</strong></span> <span class='ocrx_word' id='word_1_242' title='bbox 1198 3699 1241 3750; x_wconf 75' lang='lat' dir='ltr'><strong>ru,</strong></span> <span class='ocrx_word' id='word_1_243' title='bbox 1263 3676 1312 3740; x_wconf 78' lang='grc'><strong>01·</strong></span> 
     </span>
     <span class='ocr_line' id='line_1_34' title="bbox 242 3770 1311 3846; baseline -0.009 -18"><span class='ocrx_word' id='word_1_244' title='bbox 242 3789 320 3842; x_wconf 86' lang='lat' dir='ltr'><strong>prum</strong></span> <span class='ocrx_word' id='word_1_245' title='bbox 339 3777 375 3828; x_wconf 85' lang='lat' dir='ltr'><strong>H.</strong></span> <span class='ocrx_word' id='word_1_246' title='bbox 397 3776 430 3837; x_wconf 74' lang='lat' dir='ltr'><strong>V.</strong></span> <span class='ocrx_word' id='word_1_247' title='bbox 444 3777 485 3829; x_wconf 88' lang='grc' dir='ltr'><strong>Μ.</strong></span> <span class='ocrx_word' id='word_1_248' title='bbox 504 3771 531 3842; x_wconf 72' lang='lat' dir='ltr'><strong>(i</strong></span> <span class='ocrx_word' id='word_1_249' title='bbox 542 3777 592 3846; x_wconf 85' lang='lat' dir='ltr'><strong>D.)</strong></span> <span class='ocrx_word' id='word_1_250' title='bbox 612 3792 672 3830; x_wconf 88' lang='lat' dir='ltr'><strong>cum</strong></span> <span class='ocrx_word' id='word_1_251' title='bbox 689 3779 818 3831; x_wconf 82' lang='lat' dir='ltr'><strong>attractus</strong></span> <span class='ocrx_word' id='word_1_252' title='bbox 836 3774 895 3840; x_wconf 87' lang='lat' dir='ltr'><strong>N.‚</strong></span> <span class='ocrx_word' id='word_1_253' title='bbox 921 3776 1072 3828; x_wconf 85' lang='lat' dir='ltr'><strong>contractos</strong></span> <span class='ocrx_word' id='word_1_254' title='bbox 1092 3771 1172 3824; x_wconf 66' lang='lat' dir='ltr'><strong>tait.</strong></span> <span class='ocrx_word' id='word_1_255' title='bbox 1189 3770 1235 3836; x_wconf 74' lang='grc'><strong>7.,</strong></span> <span class='ocrx_word' id='word_1_256' title='bbox 1253 3779 1311 3817; x_wconf 82' lang='lat' dir='ltr'><strong>con·</strong></span> 
     </span>
     <span class='ocr_line' id='line_1_35' title="bbox 244 3849 1311 3938; baseline -0.01 -24"><span class='ocrx_word' id='word_1_257' title='bbox 244 3865 331 3915; x_wconf 80' lang='lat' dir='ltr'><strong>tantm</strong></span> <span class='ocrx_word' id='word_1_258' title='bbox 350 3863 392 3914; x_wconf 83' lang='grc' dir='ltr'><strong>Μ.</strong></span> <span class='ocrx_word' id='word_1_259' title='bbox 461 3862 654 3918; x_wconf 66' lang='lat' dir='ltr'><strong>aschalonia.</strong></span> <span class='ocrx_word' id='word_1_260' title='bbox 720 3864 765 3916; x_wconf 78' lang='grc'><strong>31.</strong></span> <span class='ocrx_word' id='word_1_261' title='bbox 785 3876 851 3914; x_wconf 80' lang='lat' dir='ltr'><strong>sans</strong></span> <span class='ocrx_word' id='word_1_262' title='bbox 868 3861 905 3915; x_wconf 73' lang='lat'><strong>11.</strong></span> <span class='ocrx_word' id='word_1_263' title='bbox 929 3857 960 3916; x_wconf 79' lang='lat' dir='ltr'><strong>V.</strong></span> <span class='ocrx_word' id='word_1_264' title='bbox 979 3863 1065 3911; x_wconf 82' lang='lat' dir='ltr'><strong>rastra</strong></span> <span class='ocrx_word' id='word_1_265' title='bbox 1085 3857 1119 3909; x_wconf 79' lang='lat' dir='ltr'><strong>C.</strong></span> <span class='ocrx_word' id='word_1_266' title='bbox 1186 3849 1311 3938; x_wconf 65' lang='grc' dir='ltr'><strong>330011-Ι</strong></span> 
     </span>
     <span class='ocr_line' id='line_1_36' title="bbox 242 3931 1386 4018; baseline -0.013 -18"><span class='ocrx_word' id='word_1_267' title='bbox 242 3936 340 4000; x_wconf 83' lang='lat' dir='ltr'><strong>texerit</strong></span> <span class='ocrx_word' id='word_1_268' title='bbox 363 3947 402 3999; x_wconf 89' lang='lat' dir='ltr'><strong>N.</strong></span> <span class='ocrx_word' id='word_1_269' title='bbox 420 3962 445 3999; x_wconf 83' lang='lat' dir='ltr'><strong>r.</strong></span> <span class='ocrx_word' id='word_1_270' title='bbox 463 3948 499 4004; x_wconf 86' lang='lat' dir='ltr'><strong>ll.</strong></span> <span class='ocrx_word' id='word_1_271' title='bbox 516 3949 554 4004; x_wconf 84' lang='lat'><strong>11.</strong></span> <span class='ocrx_word' id='word_1_272' title='bbox 576 3949 606 4002; x_wconf 85' lang='lat' dir='ltr'><strong>V.</strong></span> <span class='ocrx_word' id='word_1_273' title='bbox 626 3947 681 4018; x_wconf 64' lang='lat' dir='ltr'><strong>M„</strong></span> <span class='ocrx_word' id='word_1_274' title='bbox 708 3943 845 3999; x_wconf 79' lang='lat' dir='ltr'><strong>contexuit</strong></span> <span class='ocrx_word' id='word_1_275' title='bbox 870 3945 920 4013; x_wconf 72' lang='lat' dir='ltr'><strong>ta,</strong></span> <span class='ocrx_word' id='word_1_276' title='bbox 947 3938 1097 3998; x_wconf 73' lang='lat' dir='ltr'><strong>contexerit</strong></span> <span class='ocrx_word' id='word_1_277' title='bbox 1117 3937 1171 3994; x_wconf 80' lang='lat' dir='ltr'><strong>Hir.</strong></span> <span class='ocrx_word' id='word_1_278' title='bbox 1195 3933 1259 3990; x_wconf 89' lang='lat' dir='ltr'><strong>armi</strong></span> <span class='ocrx_word' id='word_1_279' title='bbox 1280 3931 1308 3984; x_wconf 74' lang='grc' dir='ltr'><strong>θ.</strong></span> <span class='ocrx_word' id='word_1_280' title='bbox 1385 3943 1386 3986; x_wconf 59' lang='lat'>3</span> 
     </span>
     <span class='ocr_line' id='line_1_37' title="bbox 239 4016 1386 4103; baseline -0.015 -17"><span class='ocrx_word' id='word_1_281' title='bbox 239 4037 284 4088; x_wconf 84' lang='grc'><strong>36.</strong></span> <span class='ocrx_word' id='word_1_282' title='bbox 297 4032 338 4084; x_wconf 84' lang='lat' dir='ltr'><strong>Te</strong></span> <span class='ocrx_word' id='word_1_283' title='bbox 353 4034 385 4088; x_wconf 81' lang='lat' dir='ltr'><strong>C.</strong></span> <span class='ocrx_word' id='word_1_284' title='bbox 401 4030 451 4098; x_wconf 80' lang='lat' dir='ltr'><strong>(stc</strong></span> <span class='ocrx_word' id='word_1_285' title='bbox 463 4029 603 4103; x_wconf 54' lang='lat' dir='ltr'><strong>Incolumi)</strong></span> <span class='ocrx_word' id='word_1_286' title='bbox 621 4049 714 4103; x_wconf 80' lang='lat' dir='ltr'><strong>pacem</strong></span> <span class='ocrx_word' id='word_1_287' title='bbox 730 4049 774 4100; x_wconf 81' lang='lat' dir='ltr'><strong>pr.</strong></span> <span class='ocrx_word' id='word_1_288' title='bbox 784 4048 819 4086; x_wconf 85' lang='lat' dir='ltr'><strong>m.</strong></span> <span class='ocrx_word' id='word_1_289' title='bbox 830 4031 868 4084; x_wconf 88' lang='lat' dir='ltr'><strong>N.</strong></span> <span class='ocrx_word' id='word_1_290' title='bbox 927 4034 972 4083; x_wconf 80' lang='grc'><strong>37.</strong></span> <span class='ocrx_word' id='word_1_291' title='bbox 984 4024 1147 4082; x_wconf 70' lang='lat' dir='ltr'><strong>actitarat.</strong></span> <span class='ocrx_word' id='word_1_292' title='bbox 1199 4025 1240 4076; x_wconf 76' lang='grc'><strong>38.</strong></span> <span class='ocrx_word' id='word_1_293' title='bbox 1251 4016 1310 4070; x_wconf 82' lang='lat' dir='ltr'><strong>irio-</strong></span> <span class='ocrx_word' id='word_1_294' title='bbox 1385 4023 1386 4098; x_wconf 36' lang='lat'>3</span> 
     </span>
     <span class='ocr_line' id='line_1_38' title="bbox 239 4098 1307 4188; baseline -0.011 -17"><span class='ocrx_word' id='word_1_295' title='bbox 239 4118 320 4172; x_wconf 84' lang='lat' dir='ltr'><strong>niden</strong></span> <span class='ocrx_word' id='word_1_296' title='bbox 334 4133 371 4186; x_wconf 66' lang='lat' dir='ltr'><strong>rt,</strong></span> <span class='ocrx_word' id='word_1_297' title='bbox 389 4117 530 4171; x_wconf 83' lang='lat' dir='ltr'><strong>isionidem</strong></span> <span class='ocrx_word' id='word_1_298' title='bbox 545 4120 590 4188; x_wconf 87' lang='lat' dir='ltr'><strong>D.,</strong></span> <span class='ocrx_word' id='word_1_299' title='bbox 607 4119 765 4186; x_wconf 79' lang='lat' dir='ltr'><strong>ysyonidem</strong></span> <span class='ocrx_word' id='word_1_300' title='bbox 778 4121 822 4188; x_wconf 71' lang='grc'><strong>(1.,</strong></span> <span class='ocrx_word' id='word_1_301' title='bbox 841 4114 1006 4182; x_wconf 76' lang='lat' dir='ltr'><strong>hyaionidenr</strong></span> <span class='ocrx_word' id='word_1_302' title='bbox 1017 4112 1071 4168; x_wconf 78' lang='lat' dir='ltr'><strong>tit.</strong></span> <span class='ocrx_word' id='word_1_303' title='bbox 1087 4098 1307 4166; x_wconf 64' lang='lat' dir='ltr'><strong>marcescenti,</strong></span> 
     </span>
     <span class='ocr_line' id='line_1_39' title="bbox 211 4191 1386 4270; baseline -0.004 -16"><span class='ocrx_word' id='word_1_304' title='bbox 211 4201 411 4254; x_wconf 73' lang='lat' dir='ltr'><strong>&#39;maneatiden</strong></span> <span class='ocrx_word' id='word_1_305' title='bbox 429 4199 499 4270; x_wconf 74' lang='lat' dir='ltr'><strong>Bia,</strong></span> <span class='ocrx_word' id='word_1_306' title='bbox 523 4202 704 4256; x_wconf 84' lang='lat' dir='ltr'><strong>menaoiadem</strong></span> <span class='ocrx_word' id='word_1_307' title='bbox 725 4204 758 4256; x_wconf 81' lang='lat' dir='ltr'><strong>C.</strong></span> <span class='ocrx_word' id='word_1_308' title='bbox 845 4205 889 4256; x_wconf 84' lang='grc'><strong>39.</strong></span> <span class='ocrx_word' id='word_1_309' title='bbox 908 4197 1023 4264; x_wconf 76' lang='lat' dir='ltr'><strong>flegreoa</strong></span> <span class='ocrx_word' id='word_1_310' title='bbox 1041 4197 1079 4251; x_wconf 92' lang='lat' dir='ltr'><strong>N.</strong></span> <span class='ocrx_word' id='word_1_311' title='bbox 1096 4193 1170 4262; x_wconf 75' lang='lat' dir='ltr'><strong>flu,</strong></span> <span class='ocrx_word' id='word_1_312' title='bbox 1193 4191 1307 4260; x_wconf 57' lang='lat' dir='ltr'><strong>phalet*</strong></span> <span class='ocrx_word' id='word_1_313' title='bbox 1385 4251 1386 4264; x_wconf 20' lang='lat'>³</span> 
     </span>
     <span class='ocr_line' id='line_1_40' title="bbox 241 4265 1386 4354; baseline -0.007 -16"><span class='ocrx_word' id='word_1_314' title='bbox 241 4300 302 4338; x_wconf 84' lang='lat' dir='ltr'><strong>reos</strong></span> <span class='ocrx_word' id='word_1_315' title='bbox 318 4302 358 4353; x_wconf 73' lang='lat' dir='ltr'><strong>a,</strong></span> <span class='ocrx_word' id='word_1_316' title='bbox 385 4284 526 4354; x_wconf 71' lang='lat' dir='ltr'><strong>phlegrae·</strong></span> <span class='ocrx_word' id='word_1_317' title='bbox 543 4286 576 4340; x_wconf 82' lang='lat' dir='ltr'><strong>P.</strong></span> <span class='ocrx_word' id='word_1_318' title='bbox 602 4284 793 4354; x_wconf 83' lang='lat' dir='ltr'><strong>enohaladique</strong></span> <span class='ocrx_word' id='word_1_319' title='bbox 813 4283 868 4340; x_wconf 72' lang='lat' dir='ltr'><strong>Bt.</strong></span> <span class='ocrx_word' id='word_1_320' title='bbox 887 4291 917 4338; x_wconf 78' lang='lat' dir='ltr'><strong>o.</strong></span> <span class='ocrx_word' id='word_1_321' title='bbox 933 4298 957 4340; x_wconf 80' lang='lat' dir='ltr'><strong>s.</strong></span> <span class='ocrx_word' id='word_1_322' title='bbox 974 4296 1010 4336; x_wconf 81' lang='lat' dir='ltr'><strong>m.</strong></span> <span class='ocrx_word' id='word_1_323' title='bbox 1092 4279 1136 4336; x_wconf 71' lang='lat' dir='ltr'><strong>io.</strong></span> <span class='ocrx_word' id='word_1_324' title='bbox 1153 4265 1303 4344; x_wconf 59' lang='lat' dir='ltr'><strong>ergastuli·</strong></span> <span class='ocrx_word' id='word_1_325' title='bbox 1385 4269 1386 4288; x_wconf 63' lang='lat'><em>³</em></span> 
     </span>
     <span class='ocr_line' id='line_1_41' title="bbox 243 4370 798 4445; baseline -0.002 -19"><span class='ocrx_word' id='word_1_326' title='bbox 243 4371 404 4426; x_wconf 81' lang='lat' dir='ltr'><strong>colimachus</strong></span> <span class='ocrx_word' id='word_1_327' title='bbox 419 4370 475 4428; x_wconf 86' lang='lat' dir='ltr'><strong>Hh.</strong></span> <span class='ocrx_word' id='word_1_328' title='bbox 543 4374 587 4431; x_wconf 74' lang='lat'><strong>41.</strong></span> <span class='ocrx_word' id='word_1_329' title='bbox 606 4370 748 4445; x_wconf 79' lang='lat' dir='ltr'><strong>praeconia</strong></span> <span class='ocrx_word' id='word_1_330' title='bbox 764 4371 798 4428; x_wconf 76' lang='lat' dir='ltr'><strong>C.</strong></span> 
     </span>
    </p>
   </div>
   <div class='ocr_carea' id='block_1_4' title="bbox 0 0 1416 4976">
    <p class='ocr_par' dir='ltr' id='par_1_4' title="bbox 0 0 1416 4976">
     <span class='ocr_line' id='line_1_42' title="bbox 0 0 1416 4976; baseline 0 1"><span class='ocrx_word' id='word_1_331' title='bbox 0 0 1416 4976; x_wconf 95' lang='lat' dir='ltr'><strong> </strong></span> 
     </span>
    </p>
   </div>
  </div>
 </body>
</html>
