<?xml version="1.0" encoding="UTF-8"?>
<!DOCTYPE html PUBLIC "-//W3C//DTD XHTML 1.0 Transitional//EN"
    "http://www.w3.org/TR/xhtml1/DTD/xhtml1-transitional.dtd">
<html xmlns="http://www.w3.org/1999/xhtml" xml:lang="en" lang="en">
 <head>
  <title>
</title>
<meta http-equiv="Content-Type" content="text/html;charset=utf-8" />
  <meta name='ocr-system' content='tesseract 3.04.00' />
  <meta name='ocr-capabilities' content='ocr_page ocr_carea ocr_par ocr_line ocrx_word'/>
</head>
<body>
  <div class='ocr_page' id='page_1' title='image "./sexaureliiprope02propgoog_0029.png"; bbox 0 0 2834 4972; ppageno 0'>
   <div class='ocr_carea' id='block_1_1' title="bbox 398 321 1169 402">
    <p class='ocr_par' dir='ltr' id='par_1_1' title="bbox 398 321 1169 402">
     <span class='ocr_line' id='line_1_1' title="bbox 398 321 1169 402; baseline 0 -15"><span class='ocrx_word' id='word_1_1' title='bbox 398 327 529 402; x_wconf 74' lang='lat' dir='ltr'>capati.</span> <span class='ocrx_word' id='word_1_2' title='bbox 562 329 606 386; x_wconf 82' lang='lat' dir='ltr'>lie</span> <span class='ocrx_word' id='word_1_3' title='bbox 621 329 709 400; x_wconf 86' lang='lat' dir='ltr'>patrie</span> <span class='ocrx_word' id='word_1_4' title='bbox 727 329 870 402; x_wconf 79' lang='lat' dir='ltr'><strong>Propertii.</strong></span> <span class='ocrx_word' id='word_1_5' title='bbox 1119 321 1169 396; x_wconf 53' lang='lat'>,11</span> 
     </span>
    </p>
   </div>
   <div class='ocr_carea' id='block_1_2' title="bbox 101 501 1288 589">
    <p class='ocr_par' dir='ltr' id='par_1_2' title="bbox 101 501 1288 589">
     <span class='ocr_line' id='line_1_2' title="bbox 101 501 1288 589; baseline -0.011 -14"><span class='ocrx_word' id='word_1_6' title='bbox 101 503 298 589; x_wconf 88' lang='lat' dir='ltr'>aPropertio</span> <span class='ocrx_word' id='word_1_7' title='bbox 320 501 510 570; x_wconf 71' lang='lat' dir='ltr'>descendisse</span> <span class='ocrx_word' id='word_1_8' title='bbox 529 503 642 570; x_wconf 88' lang='lat' dir='ltr'>Plinius</span> <span class='ocrx_word' id='word_1_9' title='bbox 662 503 811 582; x_wconf 87' lang='lat' dir='ltr'>declarat,</span> <span class='ocrx_word' id='word_1_10' title='bbox 831 512 864 570; x_wconf 93' lang='lat' dir='ltr'>ut</span> <span class='ocrx_word' id='word_1_11' title='bbox 884 505 936 589; x_wconf 79' lang='lat' dir='ltr'>qui</span> <span class='ocrx_word' id='word_1_12' title='bbox 956 512 1061 572; x_wconf 89' lang='lat' dir='ltr'>contra</span> <span class='ocrx_word' id='word_1_13' title='bbox 1080 504 1173 570; x_wconf 88' lang='lat' dir='ltr'>iuter-</span> <span class='ocrx_word' id='word_1_14' title='bbox 1280 547 1288 562; x_wconf 88' lang='grc'><strong>.</strong></span> 
     </span>
    </p>
   </div>
   <div class='ocr_carea' id='block_1_3' title="bbox 51 592 1236 3864">
    <p class='ocr_par' dir='ltr' id='par_1_3' title="bbox 51 592 1236 3864">
     <span class='ocr_line' id='line_1_3' title="bbox 101 592 1174 680; baseline -0.004 -22"><span class='ocrx_word' id='word_1_15' title='bbox 101 603 275 680; x_wconf 81' lang='lat' dir='ltr'>precentur,</span> <span class='ocrx_word' id='word_1_16' title='bbox 299 609 414 655; x_wconf 89' lang='lat' dir='ltr'>omnem</span> <span class='ocrx_word' id='word_1_17' title='bbox 437 592 596 658; x_wconf 83' lang='lat' dir='ltr'>uerborum</span> <span class='ocrx_word' id='word_1_18' title='bbox 620 594 834 674; x_wconf 75' lang='lat' dir='ltr'>proprietatem</span> <span class='ocrx_word' id='word_1_19' title='bbox 860 593 1008 657; x_wconf 88' lang='lat' dir='ltr'>sublaturi</span> <span class='ocrx_word' id='word_1_20' title='bbox 1036 609 1102 654; x_wconf 90' lang='lat' dir='ltr'>esse</span> <span class='ocrx_word' id='word_1_21' title='bbox 1128 594 1174 656; x_wconf 85' lang='lat' dir='ltr'>ui·</span> 
     </span>
     <span class='ocr_line' id='line_1_4' title="bbox 103 675 1174 760; baseline -0.005 -15"><span class='ocrx_word' id='word_1_22' title='bbox 103 682 238 745; x_wconf 88' lang='lat' dir='ltr'>deantur.</span> <span class='ocrx_word' id='word_1_23' title='bbox 291 678 375 743; x_wconf 89' lang='lat' dir='ltr'>llaco</span> <span class='ocrx_word' id='word_1_24' title='bbox 405 677 482 740; x_wconf 89' lang='lat' dir='ltr'>eninr</span> <span class='ocrx_word' id='word_1_25' title='bbox 510 677 579 741; x_wconf 89' lang='lat' dir='ltr'>ille:</span> <span class='ocrx_word' id='word_1_26' title='bbox 608 679 812 757; x_wconf 69' lang='lat' dir='ltr'>„Pescennius</span> <span class='ocrx_word' id='word_1_27' title='bbox 841 679 964 744; x_wconf 77' lang='lat' dir='ltr'>Paullus</span> <span class='ocrx_word' id='word_1_28' title='bbox 1000 675 1174 760; x_wconf 87' lang='lat' dir='ltr'>splendidus</span> 
     </span>
     <span class='ocr_line' id='line_1_5' title="bbox 104 763 1176 848; baseline -0.006 -16"><span class='ocrx_word' id='word_1_29' title='bbox 104 785 192 848; x_wconf 80' lang='lat' dir='ltr'>eques</span> <span class='ocrx_word' id='word_1_30' title='bbox 211 766 364 830; x_wconf 85' lang='lat' dir='ltr'>Romanus</span> <span class='ocrx_word' id='word_1_31' title='bbox 392 772 422 828; x_wconf 89' lang='lat' dir='ltr'>ct</span> <span class='ocrx_word' id='word_1_32' title='bbox 447 764 592 846; x_wconf 87' lang='lat' dir='ltr'>inprimis</span> <span class='ocrx_word' id='word_1_33' title='bbox 621 764 752 828; x_wconf 87' lang='lat' dir='ltr'>eruditus</span> <span class='ocrx_word' id='word_1_34' title='bbox 785 765 889 829; x_wconf 84' lang='lat' dir='ltr'>scribit</span> <span class='ocrx_word' id='word_1_35' title='bbox 915 765 1028 845; x_wconf 89' lang='lat' dir='ltr'>elegos.</span> <span class='ocrx_word' id='word_1_36' title='bbox 1073 763 1176 828; x_wconf 85' lang='lat' dir='ltr'>Genti·</span> 
     </span>
     <span class='ocr_line' id='line_1_6' title="bbox 102 850 1175 933; baseline -0.004 -16"><span class='ocrx_word' id='word_1_37' title='bbox 102 853 203 918; x_wconf 90' lang='lat' dir='ltr'>licium</span> <span class='ocrx_word' id='word_1_38' title='bbox 232 853 291 914; x_wconf 85' lang='lat' dir='ltr'>luoc</span> <span class='ocrx_word' id='word_1_39' title='bbox 320 850 384 913; x_wconf 89' lang='lat' dir='ltr'>illi:</span> <span class='ocrx_word' id='word_1_40' title='bbox 414 851 564 925; x_wconf 76' lang='lat' dir='ltr'>cetenim</span> <span class='ocrx_word' id='word_1_41' title='bbox 592 853 742 933; x_wconf 76' lang='lat' dir='ltr'>municeps</span> <span class='ocrx_word' id='word_1_42' title='bbox 767 851 934 933; x_wconf 85' lang='lat' dir='ltr'>Propertii,</span> <span class='ocrx_word' id='word_1_43' title='bbox 968 859 1059 932; x_wconf 83' lang='lat' dir='ltr'>atque</span> <span class='ocrx_word' id='word_1_44' title='bbox 1085 850 1175 914; x_wconf 89' lang='lat' dir='ltr'>etiem</span> 
     </span>
     <span class='ocr_line' id='line_1_7' title="bbox 105 931 1176 1018; baseline -0.004 -16"><span class='ocrx_word' id='word_1_45' title='bbox 105 941 185 1003; x_wconf 91' lang='lat' dir='ltr'>inter</span> <span class='ocrx_word' id='word_1_46' title='bbox 214 937 345 1000; x_wconf 88' lang='lat' dir='ltr'>maiores</span> <span class='ocrx_word' id='word_1_47' title='bbox 373 951 443 998; x_wconf 89' lang='lat' dir='ltr'>suos</span> <span class='ocrx_word' id='word_1_48' title='bbox 462 936 649 1018; x_wconf 84' lang='lat' dir='ltr'>Propertium</span> <span class='ocrx_word' id='word_1_49' title='bbox 674 941 837 1000; x_wconf 86' lang='lat' dir='ltr'>numeret.“</span> <span class='ocrx_word' id='word_1_50' title='bbox 875 931 945 1000; x_wconf 76' lang='lat' dir='ltr'>&#39;Sed</span> <span class='ocrx_word' id='word_1_51' title='bbox 973 936 1064 999; x_wconf 91' lang='lat' dir='ltr'>multo</span> <span class='ocrx_word' id='word_1_52' title='bbox 1087 937 1176 999; x_wconf 88' lang='lat' dir='ltr'>etiam</span> 
     </span>
     <span class='ocr_line' id='line_1_8' title="bbox 102 1021 1176 1105; baseline -0.003 -16"><span class='ocrx_word' id='word_1_53' title='bbox 102 1025 199 1104; x_wconf 75' lang='lat' dir='ltr'>magis</span> <span class='ocrx_word' id='word_1_54' title='bbox 218 1023 378 1105; x_wconf 88' lang='lat' dir='ltr'>perspicue</span> <span class='ocrx_word' id='word_1_55' title='bbox 394 1021 452 1097; x_wconf 87' lang='lat' dir='ltr'>lX,</span> <span class='ocrx_word' id='word_1_56' title='bbox 470 1027 526 1086; x_wconf 82' lang='lat'>22:</span> <span class='ocrx_word' id='word_1_57' title='bbox 550 1022 731 1098; x_wconf 78' lang='lat' dir='ltr'>,Praeterea</span> <span class='ocrx_word' id='word_1_58' title='bbox 748 1022 795 1102; x_wconf 90' lang='lat' dir='ltr'>(P.</span> <span class='ocrx_word' id='word_1_59' title='bbox 808 1021 858 1102; x_wconf 90' lang='lat' dir='ltr'>P.)</span> <span class='ocrx_word' id='word_1_60' title='bbox 876 1023 908 1085; x_wconf 93' lang='lat' dir='ltr'>in</span> <span class='ocrx_word' id='word_1_61' title='bbox 928 1023 1038 1086; x_wconf 90' lang='lat' dir='ltr'>litteris</span> <span class='ocrx_word' id='word_1_62' title='bbox 1058 1031 1176 1086; x_wconf 85' lang='lat' dir='ltr'>ueteres</span> 
     </span>
     <span class='ocr_line' id='line_1_9' title="bbox 104 1107 1230 1192; baseline -0.004 -17"><span class='ocrx_word' id='word_1_63' title='bbox 104 1109 288 1184; x_wconf 79' lang='lat' dir='ltr'>aemuletur,</span> <span class='ocrx_word' id='word_1_64' title='bbox 310 1107 462 1190; x_wconf 81' lang='lat' dir='ltr'>exprimit,</span> <span class='ocrx_word' id='word_1_65' title='bbox 483 1107 601 1184; x_wconf 90' lang='lat' dir='ltr'>reddit;</span> <span class='ocrx_word' id='word_1_66' title='bbox 615 1108 1039 1191; x_wconf 84' lang='lat' dir='ltr'>Propertiuminprinis,</span> <span class='ocrx_word' id='word_1_67' title='bbox 1061 1126 1082 1169; x_wconf 91' lang='lat' dir='ltr'>a</span> <span class='ocrx_word' id='word_1_68' title='bbox 1103 1125 1175 1192; x_wconf 84' lang='lat' dir='ltr'>quo</span> <span class='ocrx_word' id='word_1_69' title='bbox 1226 1143 1230 1156; x_wconf 54' lang='grc' dir='ltr'>ι</span> 
     </span>
     <span class='ocr_line' id='line_1_10' title="bbox 104 1193 1179 1278; baseline -0.001 -19"><span class='ocrx_word' id='word_1_70' title='bbox 104 1212 227 1278; x_wconf 79' lang='lat' dir='ltr'>genus</span> <span class='ocrx_word' id='word_1_71' title='bbox 266 1194 393 1270; x_wconf 66' lang='lat' dir='ltr'>tucia</span> <span class='ocrx_word' id='word_1_72' title='bbox 425 1211 519 1260; x_wconf 81' lang='lat' dir='ltr'>uera</span> <span class='ocrx_word' id='word_1_73' title='bbox 546 1195 705 1260; x_wconf 82' lang='lat' dir='ltr'>soboles</span> <span class='ocrx_word' id='word_1_74' title='bbox 741 1211 837 1276; x_wconf 84' lang='lat' dir='ltr'>eoque</span> <span class='ocrx_word' id='word_1_75' title='bbox 873 1193 1025 1258; x_wconf 86' lang='lat' dir='ltr'>simillima</span> <span class='ocrx_word' id='word_1_76' title='bbox 1051 1193 1116 1271; x_wconf 90' lang='lat' dir='ltr'>illi,</span> <span class='ocrx_word' id='word_1_77' title='bbox 1145 1195 1179 1258; x_wconf 91' lang='lat' dir='ltr'>in</span> 
     </span>
     <span class='ocr_line' id='line_1_11' title="bbox 105 1279 1178 1365; baseline 0.001 -22"><span class='ocrx_word' id='word_1_78' title='bbox 105 1298 164 1365; x_wconf 81' lang='lat' dir='ltr'>quo</span> <span class='ocrx_word' id='word_1_79' title='bbox 181 1279 238 1342; x_wconf 94' lang='lat' dir='ltr'>ille</span> <span class='ocrx_word' id='word_1_80' title='bbox 256 1281 446 1363; x_wconf 86' lang='lat' dir='ltr'>praecipuus.</span> <span class='ocrx_word' id='word_1_81' title='bbox 487 1281 524 1345; x_wconf 86' lang='lat' dir='ltr'>Si</span> <span class='ocrx_word' id='word_1_82' title='bbox 544 1281 647 1361; x_wconf 79' lang='lat' dir='ltr'>elegos</span> <span class='ocrx_word' id='word_1_83' title='bbox 667 1283 730 1344; x_wconf 88' lang='lat' dir='ltr'>eius</span> <span class='ocrx_word' id='word_1_84' title='bbox 751 1281 782 1344; x_wconf 92' lang='lat' dir='ltr'>iu</span> <span class='ocrx_word' id='word_1_85' title='bbox 804 1300 919 1344; x_wconf 89' lang='lat' dir='ltr'>manum</span> <span class='ocrx_word' id='word_1_86' title='bbox 940 1280 1110 1362; x_wconf 85' lang='lat' dir='ltr'>sumpseris,</span> <span class='ocrx_word' id='word_1_87' title='bbox 1130 1279 1178 1344; x_wconf 87' lang='lat' dir='ltr'>le-</span> 
     </span>
     <span class='ocr_line' id='line_1_12' title="bbox 105 1365 1179 1449; baseline -0.001 -19"><span class='ocrx_word' id='word_1_88' title='bbox 105 1385 160 1447; x_wconf 84' lang='lat' dir='ltr'>ges</span> <span class='ocrx_word' id='word_1_89' title='bbox 182 1384 259 1448; x_wconf 87' lang='lat' dir='ltr'>opus</span> <span class='ocrx_word' id='word_1_90' title='bbox 279 1374 409 1442; x_wconf 88' lang='lat' dir='ltr'>tersum,</span> <span class='ocrx_word' id='word_1_91' title='bbox 429 1365 537 1443; x_wconf 88' lang='lat' dir='ltr'>molle,</span> <span class='ocrx_word' id='word_1_92' title='bbox 555 1367 727 1444; x_wconf 87' lang='lat' dir='ltr'>iucundum,</span> <span class='ocrx_word' id='word_1_93' title='bbox 752 1374 782 1430; x_wconf 92' lang='lat' dir='ltr'>et</span> <span class='ocrx_word' id='word_1_94' title='bbox 804 1369 893 1449; x_wconf 88' lang='lat' dir='ltr'>plane</span> <span class='ocrx_word' id='word_1_95' title='bbox 914 1367 952 1430; x_wconf 93' lang='lat' dir='ltr'>in</span> <span class='ocrx_word' id='word_1_96' title='bbox 972 1365 1179 1448; x_wconf 87' lang='lat' dir='ltr'>Propertii</span> 
     </span>
     <span class='ocr_line' id='line_1_13' title="bbox 105 1453 1180 1535; baseline -0.002 -17"><span class='ocrx_word' id='word_1_97' title='bbox 105 1453 213 1519; x_wconf 87' lang='lat' dir='ltr'>domo</span> <span class='ocrx_word' id='word_1_98' title='bbox 243 1453 415 1534; x_wconf 60' lang='lat' dir='ltr'>scriptumst</span> <span class='ocrx_word' id='word_1_99' title='bbox 461 1453 584 1535; x_wconf 88' lang='lat' dir='ltr'>ltaque,</span> <span class='ocrx_word' id='word_1_100' title='bbox 608 1461 642 1517; x_wconf 92' lang='lat' dir='ltr'>ut</span> <span class='ocrx_word' id='word_1_101' title='bbox 669 1462 720 1518; x_wconf 90' lang='lat' dir='ltr'>aut</span> <span class='ocrx_word' id='word_1_102' title='bbox 746 1461 878 1517; x_wconf 85' lang='lat' dir='ltr'>materno</span> <span class='ocrx_word' id='word_1_103' title='bbox 906 1471 1019 1535; x_wconf 87' lang='lat' dir='ltr'>genere</span> <span class='ocrx_word' id='word_1_104' title='bbox 1047 1461 1180 1534; x_wconf 82' lang='lat' dir='ltr'>aposta</span> 
     </span>
     <span class='ocr_line' id='line_1_14' title="bbox 104 1536 1179 1620; baseline -0.001 -17"><span class='ocrx_word' id='word_1_105' title='bbox 104 1547 211 1603; x_wconf 92' lang='lat' dir='ltr'>nostro</span> <span class='ocrx_word' id='word_1_106' title='bbox 235 1536 361 1601; x_wconf 88' lang='lat' dir='ltr'>Paullus</span> <span class='ocrx_word' id='word_1_107' title='bbox 390 1539 537 1620; x_wconf 78' lang='lat' dir='ltr'>originem</span> <span class='ocrx_word' id='word_1_108' title='bbox 565 1538 699 1619; x_wconf 84' lang='lat' dir='ltr'>duxerit,</span> <span class='ocrx_word' id='word_1_109' title='bbox 725 1548 792 1616; x_wconf 90' lang='lat' dir='ltr'>aut,</span> <span class='ocrx_word' id='word_1_110' title='bbox 820 1538 900 1620; x_wconf 89' lang='lat' dir='ltr'>quod</span> <span class='ocrx_word' id='word_1_111' title='bbox 931 1547 1063 1605; x_wconf 80' lang='lat' dir='ltr'>extrema</span> <span class='ocrx_word' id='word_1_112' title='bbox 1086 1538 1179 1602; x_wconf 90' lang='lat' dir='ltr'>Plinii</span> 
     </span>
     <span class='ocr_line' id='line_1_15' title="bbox 104 1623 1180 1708; baseline -0.004 -16"><span class='ocrx_word' id='word_1_113' title='bbox 104 1623 199 1692; x_wconf 79' lang='lat' dir='ltr'>rerba</span> <span class='ocrx_word' id='word_1_114' title='bbox 224 1623 421 1704; x_wconf 85' lang='lat' dir='ltr'>persuadent,</span> <span class='ocrx_word' id='word_1_115' title='bbox 447 1641 553 1690; x_wconf 83' lang='lat' dir='ltr'>nouum</span> <span class='ocrx_word' id='word_1_116' title='bbox 573 1643 680 1690; x_wconf 91' lang='lat' dir='ltr'>nomen</span> <span class='ocrx_word' id='word_1_117' title='bbox 698 1624 859 1708; x_wconf 88' lang='lat' dir='ltr'>adoptione</span> <span class='ocrx_word' id='word_1_118' title='bbox 885 1634 995 1690; x_wconf 87' lang='lat' dir='ltr'>tautum</span> <span class='ocrx_word' id='word_1_119' title='bbox 1022 1623 1180 1702; x_wconf 85' lang='lat' dir='ltr'>inuenerit,</span> 
     </span>
     <span class='ocr_line' id='line_1_16' title="bbox 51 1708 1236 1796; baseline -0.001 -23"><span class='ocrx_word' id='word_1_120' title='bbox 51 1737 59 1753; x_wconf 82' lang='lat'><em>=</em></span> <span class='ocrx_word' id='word_1_121' title='bbox 105 1710 200 1796; x_wconf 91' lang='lat' dir='ltr'>plane</span> <span class='ocrx_word' id='word_1_122' title='bbox 228 1708 367 1776; x_wconf 82' lang='lat' dir='ltr'>allicitur.</span> <span class='ocrx_word' id='word_1_123' title='bbox 408 1710 542 1776; x_wconf 83' lang='lat' dir='ltr'>Alteram</span> <span class='ocrx_word' id='word_1_124' title='bbox 568 1730 641 1778; x_wconf 83' lang='lat' dir='ltr'>sero</span> <span class='ocrx_word' id='word_1_125' title='bbox 670 1713 748 1776; x_wconf 88' lang='lat' dir='ltr'>lano</span> <span class='ocrx_word' id='word_1_126' title='bbox 773 1713 948 1776; x_wconf 84' lang='lat' dir='ltr'>senteutiam</span> <span class='ocrx_word' id='word_1_127' title='bbox 972 1710 1051 1793; x_wconf 89' lang='lat' dir='ltr'>lapis</span> <span class='ocrx_word' id='word_1_128' title='bbox 1072 1709 1181 1773; x_wconf 86' lang='lat' dir='ltr'>conir·</span> <span class='ocrx_word' id='word_1_129' title='bbox 1233 1724 1236 1732; x_wconf 75' lang='grc'><em>’</em></span> 
     </span>
     <span class='ocr_line' id='line_1_17' title="bbox 104 1797 1180 1878; baseline -0.001 -17"><span class='ocrx_word' id='word_1_130' title='bbox 104 1805 185 1872; x_wconf 88' lang='lat' dir='ltr'>mat,</span> <span class='ocrx_word' id='word_1_131' title='bbox 213 1814 300 1878; x_wconf 85' lang='lat' dir='ltr'>quem</span> <span class='ocrx_word' id='word_1_132' title='bbox 330 1804 428 1860; x_wconf 84' lang='lat' dir='ltr'>enta</span> <span class='ocrx_word' id='word_1_133' title='bbox 450 1797 611 1863; x_wconf 75' lang='lat' dir='ltr'>vaferrimo</span> <span class='ocrx_word' id='word_1_134' title='bbox 644 1798 731 1862; x_wconf 87' lang='lat' dir='ltr'>simul</span> <span class='ocrx_word' id='word_1_135' title='bbox 760 1806 790 1862; x_wconf 91' lang='lat' dir='ltr'>et</span> <span class='ocrx_word' id='word_1_136' title='bbox 817 1797 987 1862; x_wconf 86' lang='lat' dir='ltr'>doctissimo</span> <span class='ocrx_word' id='word_1_137' title='bbox 1014 1799 1180 1877; x_wconf 87' lang='lat' dir='ltr'>impostore</span> 
     </span>
     <span class='ocr_line' id='line_1_18' title="bbox 108 1882 1180 1967; baseline 0 -21"><span class='ocrx_word' id='word_1_138' title='bbox 108 1882 265 1946; x_wconf 74' lang='lat' dir='ltr'>censimum</span> <span class='ocrx_word' id='word_1_139' title='bbox 285 1893 338 1946; x_wconf 88' lang='lat' dir='ltr'>aut</span> <span class='ocrx_word' id='word_1_140' title='bbox 356 1883 515 1964; x_wconf 88' lang='lat' dir='ltr'>ingenuum</span> <span class='ocrx_word' id='word_1_141' title='bbox 533 1902 609 1962; x_wconf 89' lang='lat' dir='ltr'>esso,</span> <span class='ocrx_word' id='word_1_142' title='bbox 629 1893 663 1948; x_wconf 93' lang='lat' dir='ltr'>ut</span> <span class='ocrx_word' id='word_1_143' title='bbox 684 1884 735 1967; x_wconf 86' lang='lat' dir='ltr'>qui</span> <span class='ocrx_word' id='word_1_144' title='bbox 753 1886 888 1960; x_wconf 64' lang='lat' dir='ltr'>manue,</span> <span class='ocrx_word' id='word_1_145' title='bbox 909 1883 1103 1950; x_wconf 84' lang='lat' dir='ltr'>confitendum</span> <span class='ocrx_word' id='word_1_146' title='bbox 1124 1890 1180 1946; x_wconf 88' lang='lat' dir='ltr'>est.</span> 
     </span>
     <span class='ocr_line' id='line_1_19' title="bbox 106 1968 1181 2053; baseline -0.003 -18"><span class='ocrx_word' id='word_1_147' title='bbox 106 1969 186 2035; x_wconf 85' lang='lat' dir='ltr'>Nam</span> <span class='ocrx_word' id='word_1_148' title='bbox 208 1977 238 2032; x_wconf 91' lang='lat' dir='ltr'>et</span> <span class='ocrx_word' id='word_1_149' title='bbox 257 1969 316 2033; x_wconf 84' lang='lat' dir='ltr'>riri</span> <span class='ocrx_word' id='word_1_150' title='bbox 336 1977 366 2032; x_wconf 89' lang='lat' dir='ltr'>et</span> <span class='ocrx_word' id='word_1_151' title='bbox 386 1971 481 2033; x_wconf 87' lang='lat' dir='ltr'>tribus</span> <span class='ocrx_word' id='word_1_152' title='bbox 501 1971 621 2034; x_wconf 89' lang='lat' dir='ltr'>nonina</span> <span class='ocrx_word' id='word_1_153' title='bbox 641 1972 719 2035; x_wconf 90' lang='lat' dir='ltr'>iusto</span> <span class='ocrx_word' id='word_1_154' title='bbox 742 1970 848 2034; x_wconf 90' lang='lat' dir='ltr'>ordine</span> <span class='ocrx_word' id='word_1_155' title='bbox 870 1971 1016 2053; x_wconf 90' lang='lat' dir='ltr'>disposita</span> <span class='ocrx_word' id='word_1_156' title='bbox 1035 1968 1181 2052; x_wconf 80' lang='lat' dir='ltr'>praefert,</span> 
     </span>
     <span class='ocr_line' id='line_1_20' title="bbox 105 2056 1179 2140; baseline -0.004 -20"><span class='ocrx_word' id='word_1_157' title='bbox 105 2063 138 2120; x_wconf 86' lang='lat' dir='ltr'>ct</span> <span class='ocrx_word' id='word_1_158' title='bbox 163 2070 328 2134; x_wconf 82' lang='lat' dir='ltr'>cognomen</span> <span class='ocrx_word' id='word_1_159' title='bbox 354 2057 449 2136; x_wconf 92' lang='lat' dir='ltr'>patris</span> <span class='ocrx_word' id='word_1_160' title='bbox 473 2073 538 2120; x_wconf 91' lang='lat' dir='ltr'>cum</span> <span class='ocrx_word' id='word_1_161' title='bbox 564 2058 688 2138; x_wconf 89' lang='lat' dir='ltr'>proprio</span> <span class='ocrx_word' id='word_1_162' title='bbox 710 2057 755 2120; x_wconf 90' lang='lat' dir='ltr'>ite</span> <span class='ocrx_word' id='word_1_163' title='bbox 776 2056 923 2140; x_wconf 81' lang='lat' dir='ltr'>adoptivis</span> <span class='ocrx_word' id='word_1_164' title='bbox 948 2056 1116 2135; x_wconf 84' lang='lat' dir='ltr'>subiungit,</span> <span class='ocrx_word' id='word_1_165' title='bbox 1144 2062 1179 2117; x_wconf 90' lang='lat' dir='ltr'>ut</span> 
     </span>
     <span class='ocr_line' id='line_1_21' title="bbox 105 2140 1181 2226; baseline -0.003 -22"><span class='ocrx_word' id='word_1_166' title='bbox 105 2140 227 2204; x_wconf 90' lang='lat' dir='ltr'>illorum</span> <span class='ocrx_word' id='word_1_167' title='bbox 249 2149 413 2225; x_wconf 89' lang='lat' dir='ltr'>temporum</span> <span class='ocrx_word' id='word_1_168' title='bbox 436 2159 523 2220; x_wconf 87' lang='lat' dir='ltr'>urus,</span> <span class='ocrx_word' id='word_1_169' title='bbox 549 2160 588 2205; x_wconf 89' lang='lat' dir='ltr'>ne</span> <span class='ocrx_word' id='word_1_170' title='bbox 615 2145 766 2226; x_wconf 89' lang='lat' dir='ltr'>superiori</span> <span class='ocrx_word' id='word_1_171' title='bbox 793 2144 911 2226; x_wconf 86' lang='lat' dir='ltr'>quidem</span> <span class='ocrx_word' id='word_1_172' title='bbox 934 2144 1026 2207; x_wconf 89' lang='lat' dir='ltr'>aetati</span> <span class='ocrx_word' id='word_1_173' title='bbox 1054 2141 1181 2217; x_wconf 87' lang='lat' dir='ltr'>alienus,</span> 
     </span>
     <span class='ocr_line' id='line_1_22' title="bbox 106 2226 1179 2312; baseline 0.002 -24"><span class='ocrx_word' id='word_1_174' title='bbox 106 2226 291 2310; x_wconf 85' lang='lat' dir='ltr'>postulabat.</span> <span class='ocrx_word' id='word_1_175' title='bbox 341 2226 390 2292; x_wconf 84' lang='lat' dir='ltr'>Gi.</span> <span class='ocrx_word' id='word_1_176' title='bbox 413 2227 511 2292; x_wconf 87' lang='lat' dir='ltr'>Pnull.</span> <span class='ocrx_word' id='word_1_177' title='bbox 534 2229 650 2294; x_wconf 88' lang='lat' dir='ltr'>Manat.</span> <span class='ocrx_word' id='word_1_178' title='bbox 672 2227 711 2291; x_wconf 91' lang='lat' dir='ltr'>ed</span> <span class='ocrx_word' id='word_1_179' title='bbox 735 2229 797 2293; x_wconf 82' lang='lat' dir='ltr'>Cic.</span> <span class='ocrx_word' id='word_1_180' title='bbox 822 2229 899 2312; x_wconf 86' lang='lat' dir='ltr'>Epp.</span> <span class='ocrx_word' id='word_1_181' title='bbox 927 2229 1043 2294; x_wconf 85' lang='lat' dir='ltr'>Famill.</span> <span class='ocrx_word' id='word_1_182' title='bbox 1065 2227 1121 2301; x_wconf 91' lang='lat' dir='ltr'>IV,</span> <span class='ocrx_word' id='word_1_183' title='bbox 1147 2229 1179 2290; x_wconf 84' lang='grc'>8.</span> 
     </span>
     <span class='ocr_line' id='line_1_23' title="bbox 107 2311 1182 2396; baseline 0 -22"><span class='ocrx_word' id='word_1_184' title='bbox 107 2330 138 2394; x_wconf 92' lang='lat' dir='ltr'>p.</span> <span class='ocrx_word' id='word_1_185' title='bbox 155 2315 228 2376; x_wconf 84' lang='grc'><strong>361.</strong></span> <span class='ocrx_word' id='word_1_186' title='bbox 249 2312 356 2378; x_wconf 79' lang='lat' dir='ltr'>Graes.</span> <span class='ocrx_word' id='word_1_187' title='bbox 400 2311 435 2377; x_wconf 84' lang='lat' dir='ltr'>G.</span> <span class='ocrx_word' id='word_1_188' title='bbox 449 2313 472 2377; x_wconf 93' lang='lat' dir='ltr'>l.</span> <span class='ocrx_word' id='word_1_189' title='bbox 485 2315 571 2380; x_wconf 90' lang='lat' dir='ltr'>Voss.</span> <span class='ocrx_word' id='word_1_190' title='bbox 583 2319 619 2380; x_wconf 84' lang='lat' dir='ltr'>A.</span> <span class='ocrx_word' id='word_1_191' title='bbox 635 2313 686 2379; x_wconf 84' lang='lat' dir='ltr'>Gr.</span> <span class='ocrx_word' id='word_1_192' title='bbox 704 2315 756 2392; x_wconf 89' lang='lat' dir='ltr'>lll,</span> <span class='ocrx_word' id='word_1_193' title='bbox 775 2321 805 2381; x_wconf 85' lang='lat'>7.</span> <span class='ocrx_word' id='word_1_194' title='bbox 826 2333 855 2396; x_wconf 90' lang='lat' dir='ltr'>p.</span> <span class='ocrx_word' id='word_1_195' title='bbox 872 2320 944 2380; x_wconf 84' lang='grc'><strong>121.</strong></span> <span class='ocrx_word' id='word_1_196' title='bbox 967 2325 995 2378; x_wconf 90' lang='lat' dir='ltr'>et</span> <span class='ocrx_word' id='word_1_197' title='bbox 1015 2330 1089 2394; x_wconf 87' lang='lat' dir='ltr'>quos</span> <span class='ocrx_word' id='word_1_198' title='bbox 1110 2312 1182 2374; x_wconf 85' lang='lat' dir='ltr'>uitat</span> 
     </span>
     <span class='ocr_line' id='line_1_24' title="bbox 108 2398 1181 2483; baseline 0 -21"><span class='ocrx_word' id='word_1_199' title='bbox 108 2398 272 2479; x_wconf 82' lang='lat' dir='ltr'>Goettling.</span> <span class='ocrx_word' id='word_1_200' title='bbox 293 2399 407 2463; x_wconf 81' lang='lat' dir='ltr'>ilistor.</span> <span class='ocrx_word' id='word_1_201' title='bbox 427 2399 514 2482; x_wconf 84' lang='lat' dir='ltr'>Reip.</span> <span class='ocrx_word' id='word_1_202' title='bbox 535 2401 620 2466; x_wconf 86' lang='lat' dir='ltr'>Rom.</span> <span class='ocrx_word' id='word_1_203' title='bbox 641 2420 672 2483; x_wconf 89' lang='lat' dir='ltr'>p.</span> <span class='ocrx_word' id='word_1_204' title='bbox 693 2405 766 2468; x_wconf 90' lang='lat'>111.</span> <span class='ocrx_word' id='word_1_205' title='bbox 799 2401 922 2464; x_wconf 82' lang='lat' dir='ltr'>Ecllel.</span> <span class='ocrx_word' id='word_1_206' title='bbox 946 2401 1048 2466; x_wconf 86' lang='lat' dir='ltr'>Doctr.</span> <span class='ocrx_word' id='word_1_207' title='bbox 1067 2400 1181 2464; x_wconf 87' lang='lat' dir='ltr'>Numm.</span> 
     </span>
     <span class='ocr_line' id='line_1_25' title="bbox 108 2483 1184 2565; baseline -0.003 -17"><span class='ocrx_word' id='word_1_208' title='bbox 108 2483 150 2561; x_wconf 82' lang='lat'>11,</span> <span class='ocrx_word' id='word_1_209' title='bbox 167 2484 200 2548; x_wconf 79' lang='lat'>5.</span> <span class='ocrx_word' id='word_1_210' title='bbox 221 2485 321 2565; x_wconf 78' lang='lat' dir='ltr'>pua</span> <span class='ocrx_word' id='word_1_211' title='bbox 343 2485 413 2548; x_wconf 93' lang='lat' dir='ltr'>coll.</span> <span class='ocrx_word' id='word_1_212' title='bbox 432 2486 560 2551; x_wconf 59' lang='lat' dir='ltr'>‘Suetou</span> <span class='ocrx_word' id='word_1_213' title='bbox 581 2488 668 2552; x_wconf 80' lang='lat' dir='ltr'>Galla.</span> <span class='ocrx_word' id='word_1_214' title='bbox 685 2492 717 2552; x_wconf 79' lang='lat'>4.</span> <span class='ocrx_word' id='word_1_215' title='bbox 760 2489 925 2552; x_wconf 85' lang='lat' dir='ltr'>Praeterea</span> <span class='ocrx_word' id='word_1_216' title='bbox 944 2485 1184 2553; x_wconf 85' lang='lat' dir='ltr'>Passennio-</span> 
     </span>
     <span class='ocr_line' id='line_1_26' title="bbox 108 2571 1183 2655; baseline -0.002 -21"><span class='ocrx_word' id='word_1_217' title='bbox 108 2588 191 2634; x_wconf 90' lang='lat' dir='ltr'>rum</span> <span class='ocrx_word' id='word_1_218' title='bbox 212 2588 319 2633; x_wconf 87' lang='lat' dir='ltr'>nomen</span> <span class='ocrx_word' id='word_1_219' title='bbox 339 2571 466 2652; x_wconf 88' lang='lat' dir='ltr'>gentile,</span> <span class='ocrx_word' id='word_1_220' title='bbox 494 2572 574 2655; x_wconf 88' lang='lat' dir='ltr'>quod</span> <span class='ocrx_word' id='word_1_221' title='bbox 596 2592 633 2636; x_wconf 84' lang='lat' dir='ltr'>ex</span> <span class='ocrx_word' id='word_1_222' title='bbox 652 2575 838 2639; x_wconf 89' lang='lat' dir='ltr'>Passieno</span> <span class='ocrx_word' id='word_1_223' title='bbox 864 2573 1009 2636; x_wconf 75' lang='lat' dir='ltr'>librorum</span> <span class='ocrx_word' id='word_1_224' title='bbox 1028 2571 1183 2637; x_wconf 90' lang='lat' dir='ltr'>Pliniano·</span> 
     </span>
     <span class='ocr_line' id='line_1_27' title="bbox 108 2655 1183 2742; baseline -0.003 -22"><span class='ocrx_word' id='word_1_225' title='bbox 108 2675 177 2720; x_wconf 80' lang='lat' dir='ltr'>mm</span> <span class='ocrx_word' id='word_1_226' title='bbox 196 2655 348 2737; x_wconf 85' lang='lat' dir='ltr'>deingere</span> <span class='ocrx_word' id='word_1_227' title='bbox 370 2655 514 2722; x_wconf 81' lang='lat' dir='ltr'>dordonis</span> <span class='ocrx_word' id='word_1_228' title='bbox 538 2659 631 2724; x_wconf 89' lang='lat' dir='ltr'>luerit</span> <span class='ocrx_word' id='word_1_229' title='bbox 652 2660 783 2724; x_wconf 87' lang='lat' dir='ltr'>malitiae</span> <span class='ocrx_word' id='word_1_230' title='bbox 805 2679 892 2742; x_wconf 86' lang='lat' dir='ltr'>quarn</span> <span class='ocrx_word' id='word_1_231' title='bbox 911 2658 1027 2740; x_wconf 80' lang='lat' dir='ltr'>qualem</span> <span class='ocrx_word' id='word_1_232' title='bbox 1048 2660 1079 2719; x_wconf 93' lang='lat' dir='ltr'>in</span> <span class='ocrx_word' id='word_1_233' title='bbox 1097 2655 1183 2719; x_wconf 91' lang='lat' dir='ltr'>ltalis</span> 
     </span>
     <span class='ocr_line' id='line_1_28' title="bbox 109 2744 1185 2828; baseline -0.005 -20"><span class='ocrx_word' id='word_1_234' title='bbox 109 2759 150 2808; x_wconf 81' lang='lat' dir='ltr'>aa</span> <span class='ocrx_word' id='word_1_235' title='bbox 169 2751 348 2824; x_wconf 85' lang='lat' dir='ltr'>tempestate</span> <span class='ocrx_word' id='word_1_236' title='bbox 368 2744 462 2808; x_wconf 83' lang='lat' dir='ltr'>luisse</span> <span class='ocrx_word' id='word_1_237' title='bbox 482 2745 548 2808; x_wconf 91' lang='lat' dir='ltr'>iure</span> <span class='ocrx_word' id='word_1_238' title='bbox 570 2745 746 2828; x_wconf 88' lang='lat' dir='ltr'>suspiceris,</span> <span class='ocrx_word' id='word_1_239' title='bbox 774 2746 997 2820; x_wconf 86' lang='lat' dir='ltr'>Herenniis,</span> <span class='ocrx_word' id='word_1_240' title='bbox 1018 2745 1185 2808; x_wconf 88' lang='lat' dir='ltr'>Pescen-</span> 
     </span>
     <span class='ocr_line' id='line_1_29' title="bbox 110 2827 1184 2914; baseline -0.004 -23"><span class='ocrx_word' id='word_1_241' title='bbox 110 2828 207 2905; x_wconf 88' lang='lat' dir='ltr'>niis,</span> <span class='ocrx_word' id='word_1_242' title='bbox 225 2829 450 2895; x_wconf 81' lang='lat' dir='ltr'>Caesenniir</span> <span class='ocrx_word' id='word_1_243' title='bbox 473 2831 626 2914; x_wconf 87' lang='lat' dir='ltr'>aptissima</span> <span class='ocrx_word' id='word_1_244' title='bbox 647 2841 692 2896; x_wconf 89' lang='lat' dir='ltr'>est</span> <span class='ocrx_word' id='word_1_245' title='bbox 709 2832 932 2897; x_wconf 79' lang='lat' dir='ltr'>conformatum.</span> <span class='ocrx_word' id='word_1_246' title='bbox 977 2831 1062 2907; x_wconf 84' lang='lat' dir='ltr'>Quae</span> <span class='ocrx_word' id='word_1_247' title='bbox 1084 2827 1184 2890; x_wconf 90' lang='lat' dir='ltr'>omnia</span> 
     </span>
     <span class='ocr_line' id='line_1_30' title="bbox 111 2915 1184 2999; baseline -0.004 -21"><span class='ocrx_word' id='word_1_248' title='bbox 111 2915 242 2979; x_wconf 88' lang='lat' dir='ltr'>sirecte</span> <span class='ocrx_word' id='word_1_249' title='bbox 263 2934 284 2979; x_wconf 90' lang='lat' dir='ltr'>a</span> <span class='ocrx_word' id='word_1_250' title='bbox 303 2917 390 2980; x_wconf 66' lang='lat' dir='ltr'>nobo</span> <span class='ocrx_word' id='word_1_251' title='bbox 411 2925 479 2981; x_wconf 87' lang='lat' dir='ltr'>sunt</span> <span class='ocrx_word' id='word_1_252' title='bbox 499 2917 659 2999; x_wconf 87' lang='lat' dir='ltr'>disputata,</span> <span class='ocrx_word' id='word_1_253' title='bbox 679 2927 712 2983; x_wconf 91' lang='lat' dir='ltr'>nt</span> <span class='ocrx_word' id='word_1_254' title='bbox 730 2919 908 2982; x_wconf 90' lang='lat' dir='ltr'>Passennius</span> <span class='ocrx_word' id='word_1_255' title='bbox 926 2916 1075 2992; x_wconf 88' lang='lat' dir='ltr'>llsisinas,</span> <span class='ocrx_word' id='word_1_256' title='bbox 1097 2929 1184 2994; x_wconf 85' lang='lat' dir='ltr'>quern</span> 
     </span>
     <span class='ocr_line' id='line_1_31' title="bbox 111 2999 1187 3086; baseline -0.005 -21"><span class='ocrx_word' id='word_1_257' title='bbox 111 3017 174 3065; x_wconf 91' lang='lat' dir='ltr'>non</span> <span class='ocrx_word' id='word_1_258' title='bbox 194 2999 285 3066; x_wconf 88' lang='lat' dir='ltr'>modo</span> <span class='ocrx_word' id='word_1_259' title='bbox 304 3005 480 3085; x_wconf 88' lang='lat' dir='ltr'>progeniem</span> <span class='ocrx_word' id='word_1_260' title='bbox 495 3005 647 3086; x_wconf 87' lang='lat' dir='ltr'>Propertii</span> <span class='ocrx_word' id='word_1_261' title='bbox 664 3003 719 3068; x_wconf 90' lang='lat' dir='ltr'>sed</span> <span class='ocrx_word' id='word_1_262' title='bbox 740 3005 827 3069; x_wconf 87' lang='lat' dir='ltr'>ctiam</span> <span class='ocrx_word' id='word_1_263' title='bbox 847 3003 1072 3083; x_wconf 89' lang='lat' dir='ltr'>municipem</span> <span class='ocrx_word' id='word_1_264' title='bbox 1091 3000 1187 3062; x_wconf 84' lang='lat' dir='ltr'>luisse</span> 
     </span>
     <span class='ocr_line' id='line_1_32' title="bbox 112 3085 1186 3174; baseline -0.004 -22"><span class='ocrx_word' id='word_1_265' title='bbox 112 3089 323 3168; x_wconf 80' lang='lat' dir='ltr'>cognovimus,</span> <span class='ocrx_word' id='word_1_266' title='bbox 354 3088 478 3156; x_wconf 90' lang='lat' dir='ltr'>eandem</span> <span class='ocrx_word' id='word_1_267' title='bbox 505 3100 608 3157; x_wconf 75' lang='lat' dir='ltr'>nosue</span> <span class='ocrx_word' id='word_1_268' title='bbox 637 3100 746 3172; x_wconf 90' lang='lat' dir='ltr'>poetae</span> <span class='ocrx_word' id='word_1_269' title='bbox 777 3091 905 3174; x_wconf 88' lang='lat' dir='ltr'>patriam</span> <span class='ocrx_word' id='word_1_270' title='bbox 932 3087 1078 3164; x_wconf 85' lang='lat' dir='ltr'>uindicet,</span> <span class='ocrx_word' id='word_1_271' title='bbox 1105 3085 1186 3150; x_wconf 90' lang='lat' dir='ltr'>altro</span> 
     </span>
     <span class='ocr_line' id='line_1_33' title="bbox 112 3173 1187 3255; baseline -0.004 -16"><span class='ocrx_word' id='word_1_272' title='bbox 112 3175 262 3255; x_wconf 75' lang='lat' dir='ltr'>aepmtur.</span> <span class='ocrx_word' id='word_1_273' title='bbox 316 3176 364 3240; x_wconf 84' lang='lat' dir='ltr'>Aa</span> <span class='ocrx_word' id='word_1_274' title='bbox 390 3187 423 3242; x_wconf 92' lang='lat' dir='ltr'>tu</span> <span class='ocrx_word' id='word_1_275' title='bbox 449 3178 529 3242; x_wconf 85' lang='lat' dir='ltr'>torte</span> <span class='ocrx_word' id='word_1_276' title='bbox 560 3177 710 3243; x_wconf 77' lang='lat' dir='ltr'>maduere</span> <span class='ocrx_word' id='word_1_277' title='bbox 743 3178 884 3243; x_wconf 83' lang='lat' dir='ltr'>torturae</span> <span class='ocrx_word' id='word_1_278' title='bbox 912 3175 1044 3239; x_wconf 87' lang='lat' dir='ltr'>ludibrio</span> <span class='ocrx_word' id='word_1_279' title='bbox 1075 3173 1187 3237; x_wconf 87' lang='lat' dir='ltr'>lectum</span> 
     </span>
     <span class='ocr_line' id='line_1_34' title="bbox 113 3261 1189 3346; baseline -0.002 -22"><span class='ocrx_word' id='word_1_280' title='bbox 113 3277 182 3324; x_wconf 90' lang='lat' dir='ltr'>esse</span> <span class='ocrx_word' id='word_1_281' title='bbox 204 3277 324 3338; x_wconf 88' lang='lat' dir='ltr'>censer,</span> <span class='ocrx_word' id='word_1_282' title='bbox 349 3269 383 3326; x_wconf 90' lang='lat' dir='ltr'>ut</span> <span class='ocrx_word' id='word_1_283' title='bbox 405 3263 460 3326; x_wconf 93' lang='lat' dir='ltr'>ille</span> <span class='ocrx_word' id='word_1_284' title='bbox 485 3263 564 3346; x_wconf 89' lang='lat' dir='ltr'>lapis</span> <span class='ocrx_word' id='word_1_285' title='bbox 587 3265 618 3326; x_wconf 93' lang='lat' dir='ltr'>in</span> <span class='ocrx_word' id='word_1_286' title='bbox 639 3265 793 3328; x_wconf 62' lang='lat' dir='ltr'>masuram</span> <span class='ocrx_word' id='word_1_287' title='bbox 814 3263 948 3344; x_wconf 88' lang='lat' dir='ltr'>alioquin</span> <span class='ocrx_word' id='word_1_288' title='bbox 966 3261 1107 3326; x_wconf 88' lang='lat' dir='ltr'>Umbriae</span> <span class='ocrx_word' id='word_1_289' title='bbox 1134 3277 1189 3322; x_wconf 84' lang='lat' dir='ltr'>en·</span> 
     </span>
     <span class='ocr_line' id='line_1_35' title="bbox 112 3344 1188 3433; baseline -0.002 -25"><span class='ocrx_word' id='word_1_290' title='bbox 112 3346 218 3425; x_wconf 85' lang='lat' dir='ltr'>gulum</span> <span class='ocrx_word' id='word_1_291' title='bbox 239 3348 390 3411; x_wconf 86' lang='lat' dir='ltr'>coniectus</span> <span class='ocrx_word' id='word_1_292' title='bbox 417 3350 535 3414; x_wconf 80' lang='lat' dir='ltr'>tuturos</span> <span class='ocrx_word' id='word_1_293' title='bbox 558 3350 709 3432; x_wconf 85' lang='lat' dir='ltr'>Propertii</span> <span class='ocrx_word' id='word_1_294' title='bbox 733 3351 910 3433; x_wconf 85' lang='lat' dir='ltr'>interpretes</span> <span class='ocrx_word' id='word_1_295' title='bbox 932 3348 1012 3412; x_wconf 84' lang='lat' dir='ltr'>uelat</span> <span class='ocrx_word' id='word_1_296' title='bbox 1038 3345 1075 3409; x_wconf 91' lang='lat' dir='ltr'>de</span> <span class='ocrx_word' id='word_1_297' title='bbox 1100 3344 1188 3407; x_wconf 89' lang='lat' dir='ltr'>indn-</span> 
     </span>
     <span class='ocr_line' id='line_1_36' title="bbox 114 3431 1189 3518; baseline 0 -24"><span class='ocrx_word' id='word_1_298' title='bbox 114 3433 194 3495; x_wconf 90' lang='lat' dir='ltr'>stria</span> <span class='ocrx_word' id='word_1_299' title='bbox 233 3431 462 3502; x_wconf 75' lang='lat' dir='ltr'>ludificaretur?</span> <span class='ocrx_word' id='word_1_300' title='bbox 519 3435 598 3514; x_wconf 81' lang='lat' dir='ltr'>Quid</span> <span class='ocrx_word' id='word_1_301' title='bbox 635 3436 714 3518; x_wconf 90' lang='lat' dir='ltr'>qaod</span> <span class='ocrx_word' id='word_1_302' title='bbox 746 3437 809 3499; x_wconf 91' lang='lat' dir='ltr'>alia</span> <span class='ocrx_word' id='word_1_303' title='bbox 844 3452 962 3518; x_wconf 86' lang='lat' dir='ltr'>quoquc</span> <span class='ocrx_word' id='word_1_304' title='bbox 1000 3439 1189 3496; x_wconf 90' lang='lat' dir='ltr'>monumenta</span> 
     </span>
     <span class='ocr_line' id='line_1_37' title="bbox 112 3517 1191 3605; baseline 0 -25"><span class='ocrx_word' id='word_1_305' title='bbox 112 3524 246 3593; x_wconf 87' lang='lat' dir='ltr'>restant,</span> <span class='ocrx_word' id='word_1_306' title='bbox 267 3537 344 3600; x_wconf 83' lang='lat' dir='ltr'>qaae</span> <span class='ocrx_word' id='word_1_307' title='bbox 364 3521 457 3592; x_wconf 83' lang='lat' dir='ltr'>Asisii</span> <span class='ocrx_word' id='word_1_308' title='bbox 477 3522 700 3605; x_wconf 84' lang='lat' dir='ltr'>Propertiorum</span> <span class='ocrx_word' id='word_1_309' title='bbox 721 3521 863 3586; x_wconf 78' lang='lat' dir='ltr'>familiam</span> <span class='ocrx_word' id='word_1_310' title='bbox 884 3517 1031 3602; x_wconf 89' lang='lat' dir='ltr'>quondam</span> <span class='ocrx_word' id='word_1_311' title='bbox 1052 3519 1191 3581; x_wconf 87' lang='lat' dir='ltr'>lloraissc</span> 
     </span>
     <span class='ocr_line' id='line_1_38' title="bbox 113 3603 1191 3688; baseline -0.004 -21"><span class='ocrx_word' id='word_1_312' title='bbox 113 3606 289 3668; x_wconf 72' lang='lat' dir='ltr'>testentur?</span> <span class='ocrx_word' id='word_1_313' title='bbox 345 3607 479 3684; x_wconf 82' lang='lat' dir='ltr'>Quorum</span> <span class='ocrx_word' id='word_1_314' title='bbox 510 3627 568 3688; x_wconf 83' lang='lat' dir='ltr'>ego</span> <span class='ocrx_word' id='word_1_315' title='bbox 594 3629 690 3678; x_wconf 36' lang='lat' dir='ltr'>,unum</span> <span class='ocrx_word' id='word_1_316' title='bbox 723 3617 821 3672; x_wconf 88' lang='lat' dir='ltr'>tamen</span> <span class='ocrx_word' id='word_1_317' title='bbox 853 3611 1010 3687; x_wconf 85' lang='lat' dir='ltr'>ingenuum</span> <span class='ocrx_word' id='word_1_318' title='bbox 1042 3603 1191 3685; x_wconf 89' lang='lat' dir='ltr'>spondere</span> 
     </span>
     <span class='ocr_line' id='line_1_39' title="bbox 115 3685 1190 3778; baseline 0.012 -26"><span class='ocrx_word' id='word_1_319' title='bbox 115 3691 231 3764; x_wconf 88' lang='lat' dir='ltr'>ausim,</span> <span class='ocrx_word' id='word_1_320' title='bbox 253 3697 355 3772; x_wconf 79' lang='lat' dir='ltr'>ntpme</span> <span class='ocrx_word' id='word_1_321' title='bbox 375 3689 456 3775; x_wconf 87' lang='lat' dir='ltr'>quod</span> <span class='ocrx_word' id='word_1_322' title='bbox 477 3696 683 3761; x_wconf 88' lang='lat' dir='ltr'>aMuretorio</span> <span class='ocrx_word' id='word_1_323' title='bbox 701 3705 852 3778; x_wconf 85' lang='lat' dir='ltr'>receptum</span> <span class='ocrx_word' id='word_1_324' title='bbox 870 3696 915 3774; x_wconf 81' lang='lat' dir='ltr'>(p.</span> <span class='ocrx_word' id='word_1_325' title='bbox 935 3685 1190 3765; x_wconf 79' lang='lat' dir='ltr'>MDGGXXX11·)</span> 
     </span>
     <span class='ocr_line' id='line_1_40' title="bbox 115 3775 1191 3864; baseline 0.004 -28"><span class='ocrx_word' id='word_1_326' title='bbox 115 3789 172 3838; x_wconf 89' lang='lat' dir='ltr'>uec</span> <span class='ocrx_word' id='word_1_327' title='bbox 192 3775 334 3840; x_wconf 89' lang='lat' dir='ltr'>Donnola</span> <span class='ocrx_word' id='word_1_328' title='bbox 353 3794 408 3846; x_wconf 91' lang='lat' dir='ltr'>uec</span> <span class='ocrx_word' id='word_1_329' title='bbox 427 3780 568 3846; x_wconf 82' lang='lat' dir='ltr'>Albcrtur</span> <span class='ocrx_word' id='word_1_330' title='bbox 589 3783 766 3864; x_wconf 88' lang='lat' dir='ltr'>impugnare</span> <span class='ocrx_word' id='word_1_331' title='bbox 793 3781 895 3846; x_wconf 90' lang='lat' dir='ltr'>conati</span> <span class='ocrx_word' id='word_1_332' title='bbox 918 3777 994 3857; x_wconf 89' lang='lat' dir='ltr'>sint,</span> <span class='ocrx_word' id='word_1_333' title='bbox 1018 3777 1066 3840; x_wconf 85' lang='lat' dir='ltr'>his</span> <span class='ocrx_word' id='word_1_334' title='bbox 1090 3775 1191 3844; x_wconf 84' lang='lat' dir='ltr'>uerbis</span> 
     </span>
    </p>
   </div>
   <div class='ocr_carea' id='block_1_4' title="bbox 117 3877 842 4103">
    <p class='ocr_par' dir='ltr' id='par_1_4' title="bbox 117 3877 842 4103">
     <span class='ocr_line' id='line_1_41' title="bbox 117 3877 308 3944; baseline -0.016 -12"><span class='ocrx_word' id='word_1_335' title='bbox 117 3877 308 3944; x_wconf 68' lang='lat' dir='ltr'>expressum:</span> 
     </span>
     <span class='ocr_line' id='line_1_42' title="bbox 481 3949 784 4017; baseline 0.003 -2"><span class='ocrx_word' id='word_1_336' title='bbox 481 3949 516 4015; x_wconf 80' lang='lat' dir='ltr'>G.</span> <span class='ocrx_word' id='word_1_337' title='bbox 536 3949 784 4017; x_wconf 80' lang='lat' dir='ltr'>PROPERTIVS</span> 
     </span>
     <span class='ocr_line' id='line_1_43' title="bbox 424 4035 842 4103; baseline -0.002 0"><span class='ocrx_word' id='word_1_338' title='bbox 424 4035 628 4103; x_wconf 76' lang='lat' dir='ltr'>CRESGENS</span> <span class='ocrx_word' id='word_1_339' title='bbox 646 4039 701 4102; x_wconf 84' lang='grc' dir='ltr'>ΕΤ</span> <span class='ocrx_word' id='word_1_340' title='bbox 720 4037 842 4102; x_wconf 83' lang='lat' dir='ltr'>LIBER</span> 
     </span>
    </p>
   </div>
   <div class='ocr_carea' id='block_1_5' title="bbox 117 4123 1193 4290">
    <p class='ocr_par' dir='ltr' id='par_1_5' title="bbox 117 4123 1193 4290">
     <span class='ocr_line' id='line_1_44' title="bbox 503 4123 761 4190; baseline 0.004 -2"><span class='ocrx_word' id='word_1_341' title='bbox 503 4123 761 4190; x_wconf 82' lang='lat' dir='ltr'><strong>BENEMEREN.</strong></span> 
     </span>
     <span class='ocr_line' id='line_1_45' title="bbox 117 4200 1193 4290; baseline -0.003 -23"><span class='ocrx_word' id='word_1_342' title='bbox 117 4200 235 4268; x_wconf 86' lang='lat' dir='ltr'>Possim</span> <span class='ocrx_word' id='word_1_343' title='bbox 263 4221 339 4286; x_wconf 85' lang='lat' dir='ltr'>ego,</span> <span class='ocrx_word' id='word_1_344' title='bbox 366 4206 395 4270; x_wconf 92' lang='lat' dir='ltr'>si</span> <span class='ocrx_word' id='word_1_345' title='bbox 418 4227 540 4274; x_wconf 89' lang='lat' dir='ltr'>numero</span> <span class='ocrx_word' id='word_1_346' title='bbox 566 4211 686 4276; x_wconf 81' lang='lat' dir='ltr'>uincere</span> <span class='ocrx_word' id='word_1_347' title='bbox 711 4210 817 4285; x_wconf 80' lang='lat' dir='ltr'>uelim,</span> <span class='ocrx_word' id='word_1_348' title='bbox 844 4206 934 4290; x_wconf 89' lang='lat' dir='ltr'>plura</span> <span class='ocrx_word' id='word_1_349' title='bbox 960 4204 1048 4269; x_wconf 87' lang='lat' dir='ltr'>ctiam</span> <span class='ocrx_word' id='word_1_350' title='bbox 1073 4200 1193 4264; x_wconf 88' lang='lat' dir='ltr'>allerre.</span> 
     </span>
    </p>
   </div>
   <div class='ocr_carea' id='block_1_6' title="bbox 119 4288 1195 4376">
    <p class='ocr_par' dir='ltr' id='par_1_6' title="bbox 119 4288 1195 4376">
     <span class='ocr_line' id='line_1_46' title="bbox 119 4288 1195 4376; baseline -0.003 -23"><span class='ocrx_word' id='word_1_351' title='bbox 119 4289 197 4353; x_wconf 87' lang='lat' dir='ltr'>llam</span> <span class='ocrx_word' id='word_1_352' title='bbox 216 4289 436 4360; x_wconf 79' lang='lat' dir='ltr'>Gemmurriuus</span> <span class='ocrx_word' id='word_1_353' title='bbox 463 4296 495 4360; x_wconf 90' lang='lat' dir='ltr'>iu</span> <span class='ocrx_word' id='word_1_354' title='bbox 514 4297 649 4364; x_wconf 88' lang='lat' dir='ltr'>Historia</span> <span class='ocrx_word' id='word_1_355' title='bbox 670 4294 873 4376; x_wconf 79' lang='lat' dir='ltr'>Genealogica</span> <span class='ocrx_word' id='word_1_356' title='bbox 898 4292 1043 4357; x_wconf 87' lang='lat' dir='ltr'>nobilium</span> <span class='ocrx_word' id='word_1_357' title='bbox 1065 4288 1195 4350; x_wconf 82' lang='lat' dir='ltr'>Tusciae</span> 
     </span>
    </p>
   </div>
   <div class='ocr_carea' id='block_1_7' title="bbox 0 0 1445 4972">
    <p class='ocr_par' dir='ltr' id='par_1_7' title="bbox 0 0 1445 4972">
     <span class='ocr_line' id='line_1_47' title="bbox 0 0 1445 4972; baseline 0 0"><span class='ocrx_word' id='word_1_358' title='bbox 0 0 1445 4972; x_wconf 95' lang='lat' dir='ltr'> </span> 
     </span>
    </p>
   </div>
  </div>
 </body>
</html>
