2762 4972
398 359 486 430 Caput
502 358 549 414 Vl.
583 359 625 414 De
642 359 802 432 elocutione,
898 379 899 384 ¹
1064 349 1136 430 145

79 535 145 610 enim
172 534 279 598 iustum
307 543 353 598 est
381 543 410 598 et
430 551 531 598 vernut
554 532 745 608 adiectivum,
772 530 826 595 aed
848 548 912 594 cum
925 534 1032 613 notio,
1055 511 1147 617 quac

78 623 150 685 verli
171 623 295 703 propria
318 631 375 694 est,
398 622 429 681 iu
450 639 555 683 nomen
576 619 769 694 transfertur,
791 629 824 682 ut
845 619 875 695 Ι,
896 624 947 695 21,
968 625 1015 683 4.;
1037 623 1132 686 Pars

79 724 128 786 ego
163 727 236 769 sum
272 717 390 770 vestrae
423 707 598 788 proxima
631 704 756 768 militiae
785 721 841 784 pro
873 723 927 767 eo:
960 709 1133 786 proxime

78 812 168 856 eram
189 811 219 873 p.
233 812 261 856 v.
274 812 311 854 m.
355 791 432 854 Add.
453 792 483 868 Ι,
504 796 535 866 9,
557 795 608 854 23.
623 809 667 870 sq.
688 791 738 851 ubi
761 789 919 852 alterna
941 810 1027 855 mauu
1048 812 1136 875 pres·
1248 835 1253 862 ,

77 881 121 953 sit,
148 895 204 959 pro
226 880 298 941 lnoc:
327 879 495 941 alteruis
519 876 672 940 vicibus
697 877 845 957 pressit
866 895 967 953 mauu;
989 880 1057 942 item
1079 879 1132 956 ΙΙΙ,

79 969 127 1038 12,
148 968 216 1026 td:
245 965 544 1027 alternasscissa
573 961 737 1040 Charybdis
766 980 902 1042 aqrras,
933 963 962 1026 ln.
985 981 1011 1027 e.
1042 965 1134 1028 alter·
1250 1007 1255 1018 .

77 1053 116 1112 nis
135 1050 248 1113 vicibus
279 1051 407 1112 scissa
437 1063 466 1114 et
488 1066 558 1110 uon
587 1049 730 1122 scissa,
758 1056 787 1110 et
807 1048 885 1128 quod
907 1066 967 1110 uon
988 1052 1135 1116 intellexit

76 1133 199 1198 Broulrlr.
221 1135 266 1209 ΙΙ,
296 1141 353 1210 26,
377 1139 427 1198 24.
476 1135 586 1196 Durius
614 1133 702 1195 etiam
730 1143 831 1195 nostro
857 1136 971 1209 sensui,
1000 1139 1148 1216 quamvls.

75 1241 123 1282 usu
143 1222 311 1300 vulgatum,
339 1221 418 1302 quod
441 1220 589 1283 allectiva
609 1219 750 1299 temporis
772 1235 827 1299 pro
850 1219 1018 1296 adverbiis,
1046 1223 1134 1285 nul·
1220 1269 1222 1275 .

75 1307 127 1369 lus
147 1324 203 1388 pro
226 1323 297 1369 uou
321 1305 365 1387 (l,
388 1311 437 1382 17,
461 1307 545 1386 ta),
566 1304 613 1368 vel
633 1305 813 1383 nunqnam
835 1305 866 1379 Ι,
888 1308 937 1381 to,
962 1309 1011 1370 18.
1056 1309 1135 1371 Cou-

76 1393 166 1456 iuncta
188 1403 286 1455 autem
308 1394 382 1455 hoec
403 1392 501 1472 ligura
530 1408 593 1453 cunt
622 1392 777 1471 superiore
808 1407 912 1452 novam
942 1391 1034 1455 elficit
1059 1394 1135 1474 ligu-

77 1497 131 1540 ram
151 1489 179 1542 et
201 1478 392 1558 singularem,
413 1497 499 1558 quiam
518 1477 609 1538 semel
627 1478 657 1538 in
676 1486 778 1540 nostro
800 1477 945 1539 inventam
959 1495 1015 1539 uec
1030 1497 1048 1540 a
1061 1497 1135 1560 quo·

78 1583 154 1643 quum
180 1575 263 1627 recte
290 1563 466 1626 intellectam
495 1563 607 1624 frustra
632 1562 831 1625 sollicitarunt
851 1561 899 1623 El.
922 1562 964 1637 ll,
988 1567 1045 1638 16,
1066 1570 1133 1629 to:

77 1650 236 1729 Indigna
265 1666 388 1712 merce
416 1647 518 1729 puella
538 1649 625 1729 perit.
668 1647 721 1708 Est
744 1650 819 1709 enim
840 1647 963 1726 perinde
982 1651 1067 1729 quasi
1089 1652 1136 1712 di·

77 1752 132 1796 cus:
158 1736 356 1814 indiguum
385 1744 457 1810 est,
485 1751 583 1796 merce
610 1733 739 1814 puellam
772 1734 918 1814 perire.
967 1733 1041 1796 Nam
1070 1753 1135 1800 cum

77 1839 127 1882 nou
151 1823 196 1884 ita
217 1820 335 1903 quidem
357 1821 499 1899 vulgare,
529 1819 622 1881 levius
644 1827 740 1882 tamen
762 1836 848 1897 quiam
874 1827 1004 1882 nostrum
1030 1820 1136 1888 luisset

76 1907 229 1986 indigne
262 1907 358 1988 perit:
391 1908 450 1969 iam
479 1907 586 1969 iterum
613 1906 645 1967 iu
673 1903 808 1970 adverbii
840 1904 938 1968 locum
965 1907 1054 1972 cessit
1082 1908 1137 1971 ad-

74 1993 211 2057 iectivunr.

399 2125 428 2194 s.
446 2131 488 2182 as.
522 2125 565 2180 ne
585 2123 813 2189 urmrnusnunus.
1137 2082 1143 2156 i

168 2247 232 2312 Sed
253 2249 328 2324 liae,
351 2269 425 2330 quas
447 2252 596 2330 hocusque
618 2248 766 2330 persecuti
788 2265 902 2324 sumus,
930 2245 1044 2328 figurae
1066 2265 1137 2311 ora-

77 2333 156 2397 tionis
172 2353 216 2397 eo
240 2337 332 2398 solum
356 2335 394 2396 ad
423 2335 627 2398 illustrandum
648 2335 798 2414 Propertii
826 2335 978 2412 ingenium
999 2335 1138 2398 conferre

75 2430 241 2499 potnerunt,
268 2421 345 2502 quod
368 2423 495 2501 quaein
518 2421 650 2482 omnibus
672 2421 812 2501 operibus
834 2420 882 2482 hic
911 2419 975 2481 illio
996 2419 1135 2502 dispersa

76 2506 229 2568 invenimus
259 2510 408 2569 variorum
436 2525 577 2586 generum
605 2507 717 2567 semina
745 2504 872 2567 collecta
899 2505 986 2567 simul
1014 2504 1137 2569 lecturis

75 2596 286 2674 proposuimus.
328 2594 452 2656 Restant
472 2602 568 2654 autent
589 2591 647 2654 duo
668 2609 797 2669 genera,
820 2607 895 2671 qnae
916 2608 980 2652 cunt
1000 2607 1060 2654 uon
1081 2593 1138 2653 ltoc

76 2678 116 2739 vel
144 2678 199 2740 illo
225 2678 293 2742 loco
318 2687 496 2760 appareant,
525 2676 578 2740 sed
605 2679 713 2758 passim
742 2686 772 2740 et
798 2677 924 2756 ultique,
953 2672 1020 2757 plus
1051 2695 1139 2758 quam

75 2763 187 2844 reliqua
224 2766 322 2826 omnia
355 2765 536 2845 peculiarem
570 2762 652 2824 illam
681 2772 789 2843 poetae
819 2763 915 2824 nostri
950 2780 1036 2842 quam
1063 2775 1137 2826 vere

75 2848 366 2930 Propertiunam
395 2849 506 2912 dixeris
535 2850 699 2912 orationem
722 2847 880 2926 designare
908 2849 1037 2928 possint,
1064 2849 1085 2910 i.
1109 2866 1137 2912 e.
1193 2893 1195 2896 -

76 2936 296 3016 metaphora
328 2945 358 2997 et
388 2935 629 3014 metonymia.
679 2933 808 3009 Quarum
839 2933 925 3014 prior
951 2949 1038 3013 quam
1066 2943 1139 3015 opta

75 3021 108 3081 sit
129 3022 282 3102 Propertii
307 3021 418 3095 indoli,
447 3018 650 3084 demonstrare
679 3037 754 3081 nunc
782 3035 842 3081 nou
867 3020 980 3082 attinet
1022 3017 1083 3081 Per
1104 3037 1139 3083 se

74 3107 145 3167 enim
166 3117 259 3187 putet.
302 3110 328 3170 Α
349 3105 608 3170 similitudine
637 3113 733 3167 autern
755 3106 825 3186 quin
847 3105 1021 3185 metaphora
1043 3105 1138 3184 origi-

75 3209 135 3253 nem
157 3193 283 3266 habeat,
305 3191 383 3254 haud
404 3193 581 3272 ambiguum.
626 3192 776 3267 Quacum
798 3198 888 3270 poeta
908 3189 1018 3270 lyricus
1040 3191 1139 3253 nullus

73 3278 162 3356 possit
188 3295 294 3340 carere
323 3277 396 3356 (vid.
425 3281 501 3340 cuim
530 3295 607 3357 quae
635 3295 726 3359 supra
749 3276 821 3356 Gap.
842 3275 893 3340 tv.
922 3276 959 3338 de
988 3277 1139 3356 allegoria

74 3363 288 3444 exposuimus),
310 3363 381 3443 quid
400 3365 573 3444 Propertius
592 3365 623 3426 iu
643 3372 725 3425 tanta
745 3361 926 3442 imaginandi
948 3371 977 3423 et
997 3363 1140 3426 facultate

75 3458 101 3510 et
128 3451 238 3530 copia?
282 3449 341 3510 Sed
364 3449 468 3530 plenos
491 3450 559 3512 illas
586 3448 807 3522 similitudines,
836 3448 867 3509 in
889 3448 994 3528 quicum
1016 3449 1140 3527 imagini
1189 3517 1190 3520 ,
1295 3519 1298 3528 ,

74 3551 119 3595 res
149 3537 216 3616 ipsa
240 3552 276 3596 ex
304 3535 430 3597 adverso
458 3533 640 3616 respondens
668 3553 725 3615 per
752 3533 886 3613 singulas
915 3543 1016 3614 partes
1040 3551 1141 3596 ccm-

73 3630 235 3698 paratur
262 3628 292 3683 et
318 3621 493 3683 redditur
522 3618 799 3698 (redditionem
829 3621 906 3681 enim
933 3620 1059 3700 proprio
1087 3637 1142 3683 vo-

74 3705 176 3768 cabulo
198 3707 323 3768 Artium,
342 3707 502 3787 scriptores
520 3706 615 3783 illam
645 3705 826 3787 appellant),
856 3704 925 3767 illas
947 3706 1039 3782 igitur
1069 3721 1141 3768 cou-

73 3791 165 3853 tiuuus
188 3791 395 3854 similitudines
418 3794 517 3854 rarius
539 3801 680 3875 usurpat;
706 3808 882 3872 quamquam
905 3790 1020 3853 minime
1040 3790 1141 3854 inlice·

73 3882 142 3954 tum,
166 3877 246 3959 qno'd
265 3877 356 3941 habet
376 3877 420 3954 ll,
443 3881 479 3953 3,
501 3881 571 3942 42:

227 3997 282 4062 ‘Ac
301 3997 418 4048 ueluti
435 3999 548 4062 primo
568 4003 664 4062 tauros
680 3995 812 4048 detractat
830 4001 938 4064 aratro,

273 4064 445 4116 Post-veuit
464 4072 569 4117 assueto
587 4067 674 4117 mollis
693 4065 728 4114 ud
745 4079 813 4116 arou
830 4067 906 4129 lopo:

239 4134 300 4184 Sic
316 4135 423 4198 primo
441 4135 544 4186 iuvenes
561 4135 694 4200 trepidant
711 4134 738 4184 io
755 4149 844 4185 umore
860 4134 971 4199 feroces,

273 4201 405 4252 Dehinc
422 4203 513 4252 domiti
529 4209 591 4268 post
605 4202 669 4254 dccc
686 4215 770 4268 coquo
789 4209 814 4252 et
830 4203 920 4268 iniquo
936 4201 1034 4266 serunt.

15 4379 16 4382 Ἴ
77 4302 126 4367 (lui
149 4307 224 4370 loco¹
240 4305 308 4404 add.
331 4305 375 4388 ll,
398 4309 450 4372 15.
466 4306 516 4370 lin.
549 4313 610 4385 22,
633 4311 684 4372 34.
713 4307 823 4383 s,11.
854 4309 904 4371 lo.
925 4303 974 4366 lin.
998 4309 1041 4380 et,
1062 4294 1144 4381 quod

76 4437 78 4447 “
901 4409 943 4472 to
1154 4410 1160 4429 ·’
