2762 4972
227 335 279 413 62
433 367 434 370 ’
537 346 729 409 Quaestionum
747 347 829 400 Liber
847 345 988 404 mundns.

229 521 390 600 accedunt,
417 522 520 587 utilem
547 539 581 586 se
607 521 764 602 praebuit,
789 514 924 582 indicere
950 516 1053 599 potius
1081 516 1140 580 bas
1165 515 1310 593 rabones,

232 628 321 693 quom
335 626 413 673 noua
428 610 563 672 instituta
580 609 631 672 uia
648 607 810 687 legentium
824 605 939 667 animoa
958 604 1086 667 turbare
1101 601 1271 664 maluimus.

332 696 394 759 lam
422 705 455 760 ιιι
483 693 522 757 de
548 694 717 758 inventione
744 693 812 774 ipsa
837 689 984 753 dicamus:
1013 688 1185 770 elegiacum
1216 706 1308 769 genus

229 801 250 845 a
271 779 429 864 Propertio
455 789 537 845 recte
562 798 637 862 prae
657 779 765 843 ceteris
792 778 951 860 expetitum
972 793 1058 851 esse,
1087 792 1127 838 ex
1148 775 1206 849 iis,
1232 791 1308 856 quae

227 868 261 930 in
288 869 455 930 universum
475 865 513 931 de
539 865 660 946 ingenio
685 873 794 947 poetae
815 872 845 925 et
872 862 909 925 de
930 862 1062 942 elegiaci
1084 860 1231 922 carminis·
1254 878 1307 921 ua-

228 962 298 1016 tura
321 951 547 1034 disputavimus,
576 952 747 1016 necessario
771 966 868 1032 paene
891 946 1028 1012 eflicitur.
1080 945 1202 1027 Elegiis
1233 947 1308 1008 euim

228 1047 338 1118 gratae
371 1038 446 1101 illae
478 1047 604 1102 naturae
636 1047 666 1102 et
697 1039 888 1101 bumanorum
920 1032 1128 1096 conditionum
1163 1030 1309 1114 quodom-

228 1122 318 1188 modo
350 1124 557 1205 imagunculae
591 1123 844 1195 commendantur,
879 1138 955 1201 quas
984 1119 1165 1200 Propertius
1202 1117 1308 1180 eximie

227 1211 319 1275 ieret.
368 1211 422 1274 llis
449 1228 552 1274 rursus
580 1211 671 1272 animi
696 1206 871 1290 inquietudo
895 1204 1140 1280 accommodata,
1167 1222 1229 1285 qua
1255 1204 1308 1264 ibe

228 1295 339 1360 diutius
360 1297 391 1358 iu
413 1314 473 1358 una
494 1313 528 1359 re
552 1297 679 1359 haerere
698 1314 757 1359 nen
777 1300 890 1376 potest,
916 1292 971 1355 sed
997 1293 1035 1355 ab
1063 1291 1166 1354 altera
1194 1287 1235 1352 ad
1262 1289 1307 1351 ul·

228 1391 325 1445 teram
352 1391 559 1445 transcurrens
585 1381 741 1446 affectuum
770 1398 890 1442 sucrum
915 1378 1007 1443 ueluti
1041 1376 1195 1458 quaedam
1218 1376 1308 1439 resti·

227 1469 281 1548 gio
307 1469 416 1551 ubique
447 1467 600 1549 relinquit.
649 1467 683 1532 ln
713 1465 860 1547 eligendis
888 1475 985 1529 cutem
1013 1464 1180 1526 carminum
1215 1479 1306 1540 argu-

192 1634 195 1640 ·
227 1554 349 1630 mentis,
383 1554 517 1635 quamvis
550 1552 711 1617 identidem
746 1562 856 1636 poetae
890 1551 1041 1630 ingenium
1075 1551 1163 1612 cerui
1196 1555 1306 1631 pateat,

193 1713 200 1720 ¹
229 1640 368 1721 quoniam
395 1640 458 1702 alia
479 1640 548 1702 aliis
573 1650 606 1704 ut
626 1639 896 1703 accommodatiora
916 1637 975 1699 sibi
997 1635 1173 1717 praeferat,
1203 1641 1306 1708 tamen,

228 1734 262 1789 ut
284 1726 316 1789 iu
336 1726 426 1800 rebus
447 1726 596 1802 humanis,
618 1743 677 1789 nou
697 1727 808 1806 ubique
829 1732 883 1786 out
902 1740 1019 1805 semper
1039 1721 1213 1784 differentia
1235 1736 1306 1782 cen·

227 1812 333 1894 spicue
354 1820 414 1887 est,
441 1829 538 1895 neque
559 1813 671 1888 securi,
699 1821 732 1875 ut
758 1811 801 1874 uit
827 1810 898 1885 ille,
924 1808 1069 1872 abscissa.
1114 1807 1222 1888 Itaque
1244 1805 1306 1868 ele-

227 1899 344 1978 giorum
372 1914 472 1960 omnes
498 1899 613 1979 species
643 1899 674 1960 in
699 1895 858 1979 Propertio
889 1895 1015 1958 inueniri
1044 1912 1141 1975 snpra
1169 1892 1303 1964 uidimus,

226 2000 283 2064 per
308 2002 382 2064 quas
411 1999 475 2046 cnm
498 1985 609 2065 ubique
637 1985 749 2046 semine
774 1983 888 2061 ingenii
916 1981 1053 2062 dispersa
1079 1983 1155 2055 sint,
1181 1979 1214 2040 in
1236 1978 1303 2040 aliis

227 2069 364 2144 eminent,
384 2070 415 2130 in
430 2069 498 2132 aliis
518 2069 668 2133 recedunt.
711 2070 786 2133 Nam
806 2071 837 2130 in
857 2067 972 2130 leuibus
990 2066 1177 2144 argumentis
1191 2065 1302 2127 doctri-

227 2173 295 2218 nam
314 2155 466 2237 explicare
488 2165 538 2219 aut
561 2157 593 2218 iu
609 2153 737 2237 placidis
758 2156 872 2219 lusibus
891 2154 1043 2216 horridam
1065 2152 1246 2216 breuitatem
1260 2147 1306 2211 ai·

224 2240 358 2316 sectare,
379 2258 418 2303 ue
438 2241 487 2302 ias
509 2241 626 2322 quidem
649 2251 708 2317 est,
732 2259 791 2305 non
812 2237 900 2303 modo
920 2249 1029 2321 aptum.
1072 2237 1185 2320 [taque
1206 2245 1306 2299 uester

227 2343 346 2408 qnoque
367 2326 491 2389 humilia
512 2327 677 2403 subtiliter,
698 2326 762 2390 alto
783 2326 933 2406 grauiter,
954 2325 1124 2388 mediocria
1145 2330 1305 2405 temperate

162 2438 164 2442 ’
228 2411 329 2475 dicere
351 2411 464 2476 didicit.
508 2411 634 2492 Elegiae
653 2421 750 2476 entem
771 2412 921 2475 materiem
943 2428 980 2475 ex
998 2410 1165 2493 priuata
1185 2407 1304 2491 potissi-

226 2515 303 2560 mum
324 2499 409 2561 uita
430 2499 534 2580 repeti,
555 2517 610 2562 nec
630 2498 718 2562 modo
739 2499 816 2562 banc
839 2498 983 2573 describi,
1004 2494 1058 2560 sed
1081 2497 1174 2561 etiam
1196 2495 1303 2568 varios,

227 2584 278 2664 qui
296 2583 365 2646 inde
383 2585 413 2646 iu
437 2593 544 2666 poetae
565 2587 662 2648 animo
685 2595 862 2660 nascantur,
883 2592 978 2647 motus
999 2582 1038 2645 ed
1058 2591 1236 2646 concentum
1255 2598 1303 2642 re·

224 2669 328 2732 uocari
355 2668 489 2733 vidimus.
539 2671 615 2733 ilinc
644 2681 749 2754 sponte
775 2673 835 2736 iam
862 2670 1033 2750 colligitur,
1062 2678 1097 2732 ut
1125 2676 1299 2749 argumenta

224 2755 346 2817 illorum
377 2756 553 2833 carminum,
584 2773 643 2841 quo
674 2758 821 2841 propiora
850 2757 915 2820 sint
941 2756 1047 2820 neris
1076 2756 1193 2820 ritae
1214 2770 1300 2816 cen-

227 2838 442 2904 ditionibus
471 2853 501 2906 et
527 2845 594 2925 ipsa
619 2854 728 2926 poetae
749 2846 811 2907 uita
833 2839 1048 2924 quodammodo
1068 2849 1238 2923 prognata,
1263 2853 1298 2900 ec

225 2929 285 2990 siut
318 2928 490 2991 efficaciora
523 2931 676 3011 magisque
710 2929 879 3008 legentibus
911 2931 1091 3010 probentur:
1129 2937 1237 2991 contro
1267 2931 1299 2986 ut

224 3013 359 3096 proxime
388 3015 531 3078 suasoriis
559 3027 587 3079 et
614 3015 689 3078 ictis
715 3017 848 3078 thesibus
875 3013 1032 3088 accedant,
1059 3014 1104 3076 ita
1125 3011 1298 3095 saepissime

224 3117 298 3162 uero
320 3101 464 3178 sanguiue
486 3111 515 3163 et
539 3119 627 3164 succo
652 3103 803 3178 carentia,
832 3100 889 3162 nisi
916 3102 1053 3180 exiguam
1074 3101 1297 3180 ingeniosorum

223 3184 339 3247 insnum
366 3185 484 3248 landem
509 3205 568 3248 nen
590 3196 769 3250 mereantur.
812 3187 960 3263 Quantum
985 3187 1062 3249 enim
1084 3185 1223 3250 decursio
1247 3199 1296 3246 se·

223 3289 278 3332 rae
299 3288 427 3352 pugnae,
448 3270 623 3336 declamatio
644 3273 810 3336 umbratilis
833 3273 947 3336 forensi
968 3273 1078 3336 actioni
1100 3271 1208 3348 distat,
1230 3279 1296 3333 tan·

223 3365 284 3418 turn
307 3357 364 3418 bec
386 3357 441 3419 illc
463 3367 573 3437 genere
595 3359 730 3421 iuferius.
772 3360 847 3422 Nam
868 3361 932 3422 ueri
954 3369 1062 3441 poetae
1084 3361 1199 3421 animus
1220 3373 1295 3418 sem·

223 3459 278 3522 per
298 3441 414 3524 aliquid
435 3445 554 3508 molitur
576 3463 750 3527 semperque
768 3463 880 3527 pronus
901 3454 946 3508 est
966 3446 1005 3507 acl
1024 3445 1206 3524 lingendum,
1228 3441 1294 3504 dunt
1324 3487 1326 3493 s

223 3530 386 3591 occasio
406 3527 503 3607 edsit;
525 3550 612 3612 quam
631 3534 663 3595 in
687 3533 809 3594 heroico
830 3532 960 3593 carmine
983 3541 1012 3594 et
1033 3533 1159 3594 scenicis
1183 3528 1293 3592 fabulis

221 3613 314 3693 louge
342 3632 428 3678 secus
456 3633 488 3680 se
514 3617 627 3681 babere
659 3627 748 3699 atque
776 3619 808 3679 in
834 3618 892 3682 bec
920 3626 1022 3680 nostro
1049 3635 1161 3698 genere
1191 3613 1293 3682 sidere

220 3700 355 3780 procliue
385 3710 439 3765 est.
487 3701 553 3765 lllic
583 3705 660 3767 eninr
686 3713 796 3786 poetae
825 3720 906 3765 mens
935 3703 1040 3768 sedula
1067 3713 1097 3767 et
1129 3697 1294 3784 generandi

221 3785 330 3868 cupida
355 3789 445 3850 rebus
467 3787 575 3851 diuinis
601 3791 792 3870 humanisque
816 3790 1023 3870 perlustratis,
1052 3798 1116 3854 tota
1142 3793 1174 3852 iu
1201 3794 1293 3849 mate·

219 3873 294 3935 niem
321 3872 383 3936 sire
412 3891 517 3938 novam
544 3883 574 3939 et
601 3894 621 3939 a
649 3894 682 3940 se
709 3885 908 3958 comparatam
936 3877 998 3940 siue
1025 3877 1154 3959 antiquis
1180 3871 1291 3936 tabulis

219 3957 452 4040 praeformatam
474 3959 690 4042 quodammodo
713 3961 875 4026 demittitur
895 3971 925 4026 et
945 3962 1013 4026 duur
1032 3964 1161 4026 innatam
1181 3961 1239 4024 rim
1260 3957 1291 4018 in

219 4045 321 4107 alieno
348 4055 523 4125 argumento
550 4047 707 4112 tornando
730 4046 942 4129 domandisque
962 4050 1056 4113 ueluti
1078 4045 1290 4113 reluctantibus

219 4132 310 4195 rebus
334 4142 470 4209 exercet,
491 4133 670 4214 imaginum,
694 4143 728 4198 ut
749 4136 793 4198 ita
816 4134 926 4212 dicam,
946 4153 1118 4218 praegnans
1141 4144 1171 4198 et
1191 4129 1292 4213 gravi·

199 4215 289 4316 dum
310 4227 414 4299 pectus
427 4230 589 4304 ,exonerat
631 4221 689 4284 ilic
710 4222 804 4302 igitur
824 4230 916 4303 poeta
937 4239 1001 4286 cum
1022 4226 1198 4302 argumenta
1222 4216 1290 4279 lou-

219 4319 288 4384 gius
318 4321 411 4386 saepe
435 4315 567 4390 repetet,
593 4314 654 4371 tun
675 4308 724 4374 rel
751 4307 922 4374 invenuste
946 4309 1139 4392 praeteritam
1166 4311 1290 4370 centem
