2806 4974
256 345 334 428 218
573 302 777 422 *Quaestionum
794 364 876 429 Liber
897 365 1001 421 tertios.

173 514 196 620 ¹,
254 537 363 614 luerit,
394 545 427 602 ut
454 555 518 602 eum
546 554 678 619 nuperae
707 537 800 602 cladis
833 539 929 603 inrisa
958 537 1166 604 recordatione
1196 538 1312 620 egregie

254 623 403 688 laesisset.
447 618 551 705 ltaque
573 634 624 688 aut
651 626 737 688 initio
760 627 954 706 expeditionis
977 628 997 688 i.
1019 645 1044 692 e.
1068 643 1144 692 anno
1166 629 1238 690 7311.
1260 634 1334 700 551,4

255 711 288 772 id
304 709 383 791 qood
399 709 515 791 reliqna
530 719 691 791 temporum
708 711 783 773 natio
798 713 879 776 iubet
894 714 946 788 (cl.
962 713 998 776 L.
1012 714 1033 775 l.
1049 711 1314 795 neptunus),
1384 693 1385 782 λ

255 795 323 859 dum
352 795 460 859 bellum
487 797 674 872 molirentur,
696 797 717 859 i.
739 816 766 860 e.
789 816 867 860 anno
891 800 926 862 U.
949 803 1020 864 729.
1042 799 1233 881 compositam
1254 814 1313 859 esse

255 882 332 944 banc
361 884 489 958 elegiam
516 900 637 944 necesse
660 891 713 946 cst.
756 884 832 946 Huic
860 885 1098 965 interpretationi
1127 887 1216 948 etiam
1239 881 1314 947 uerbi

254 967 446 1031 tremendi
468 968 647 1046 significatio
670 970 839 1050 aptissima,
866 988 942 1050 quae
963 973 994 1032 in
1015 971 1149 1053 periculo
1171 971 1269 1032 151515
1289 977 1314 1033 51

254 1070 348 1136 prope
369 1054 490 1116 instanti
509 1053 575 1117 fere
596 1057 721 1136 propria
743 1064 795 1120 est.
836 1056 970 1122 Proximi
990 1067 1086 1121 autem
1107 1075 1225 1122 uorsus:

390 1188 449 1238 lom
464 1194 541 1252 nepot
558 1187 708 1254 Eopbcctes
725 1189 832 1254 equitem
848 1195 909 1254 post
926 1195 1000 1255 tecqu
1019 1191 1097 1258 tueri,

426 1255 580 1307 Portitor
590 1273 639 1307 um
660 1263 684 1308 51
702 1257 815 1308 Cnossos
832 1272 860 1308 sc
876 1258 989 1310 terruisse
1002 1259 1087 1321 dolet3

392 1323 409 1376 1
412 1323 494 1376 odio
515 1326 592 1392 quio,
610 1325 739 1392 Auguste,
758 1332 804 1376 tuo
821 1326 868 1376 dot
884 1328 954 1377 collo
970 1326 1098 1394 triuotpbo
1115 1352 1150 1366 ·-

253 1461 503 1544 imprimisnobis
521 1461 630 1524 151551.
673 1454 748 1524 Nam
769 1461 794 1522 si
815 1461 863 1523 bio
884 1478 1002 1541 quoque
1024 1459 1061 1524 de
1082 1463 1314 1526 5515573155·

125 1582 129 1592 ‹
255 1550 416 1630 gitaucris,
442 1565 500 1628 quo
528 1547 668 1610 Indorum
696 1548 789 1626 legati
810 1548 972 1626 Augustum
1000 1549 1186 1609 Antiochiam
1213 1547 1315 1608 adiisse

254 1635 412 1700 traduntur
433 1634 485 1709 (cl.
505 1634 597 1714 lleyn.
620 1631 659 1694 ad
679 1633 764 1712 Virg.
787 1633 824 1695 Τ.
845 1632 895 1698 tv.
916 1631 1050 1696 Addend.
1070 1652 1099 1715 p.
1121 1631 1226 1712 nob),
1253 1631 1315 1695 red·

256 1721 384 1784 ditorum
407 1739 426 1781 5
448 1720 566 1782 Parthis
587 1721 755 1797 signorum,
777 1719 882 1800 quibus
905 1729 1015 1781 tantum
1036 1722 1188 1799 Augustus
1211 1719 1315 1799 gloria-

255 1809 360 1881 batur,
383 1823 582 1886 quorumque,
610 1806 713 1866 ubiubi
740 1807 859 1868 occasio
882 1805 999 1880 tulerit,
1023 1815 1129 1886 poetas
1155 1806 1315 1868 meminisse

254 1893 402 1966 uidemus,
430 1891 541 1953 nullam
568 1892 616 1952 luc
644 1892 819 1953 mentionem
846 1891 913 1953 lieri
941 1893 1007 1953 iure
1034 1892 1162 1972 mireris.
1205 1891 1314 1954 Rectius

256 1979 351 2058 igitur
372 1977 446 2039 baec
467 1977 498 2038 in
520 1979 685 2040 uniuersum
710 1977 749 2038 ad
769 1978 990 2039 submissionem
1013 1987 1041 2042 et
1063 1977 1179 2040 debiles
1199 1978 1315 2041 Partho·

252 2081 318 2128 rum
338 2080 388 2124 res
411 2061 536 2138 reseras,
556 2080 679 2145 quorum
701 2065 868 2141 regeriam
891 2083 917 2124 a.
935 2065 970 2127 U.
993 2069 1066 2126 721.
1087 2066 1252 2143 Augustum
1272 2081 1315 2126 ar·

255 2149 364 2212 bitrum
394 2148 596 2211 intestinarum
622 2150 838 2210 contentionum
867 2151 924 2211 sibi
954 2151 1113 2231 expetiisse
1135 2149 1195 2211 Dio
1223 2157 1316 2212 narrat

255 2235 314 2310 LI,
337 2236 387 2300 18.
430 2232 469 2296 Et
489 2252 595 2298 reuera
614 2234 672 2295 iam
694 2235 774 2296 inira
793 2235 960 2301 Ventidium
982 2237 1111 2302 deiectus
1134 2239 1315 2300 5151011555

256 2319 565 2402 (7551151537).
614 2318 717 2383 Indiae
744 2329 841 2383 autem
868 2338 973 2396 nomen
1000 2320 1079 2403 apud
1106 2323 1246 2401 antiquos
1272 2340 1314 2384 nc·

254 2407 397 2470 motiones
419 2422 519 2467 omnes
541 2415 570 2468 et
590 2406 682 2468 Asiae
707 2415 735 2467 et
757 2407 879 2468 Africae
900 2409 1006 2488 plagas
1027 2409 1224 2485 continuisse,
1249 2424 1315 2490 prae

255 2493 362 2555 ceteris
385 2501 481 2552 autem
500 2492 709 2572 Aethiopes
733 2491 827 2555 dictos
850 2511 915 2555 esse
935 2494 1040 2570 Indos,
1064 2503 1094 2558 51
1113 2494 1247 2573 Hyginus
1269 2493 1315 2556 do·

254 2586 302 2641 cet
325 2577 361 2652 (l.
378 2578 465 2652 275.)
488 2588 517 2640 51
537 2579 675 2640 Lucanus
699 2579 832 2654 (Pharos.
854 2579 906 2654 lX,
924 2581 1012 2656 517.)
1036 2588 1155 2661 etpost
1177 2580 1314 2661 Gopcrum

255 2665 413 2740 (01555511.
433 2661 482 2737 tv,
500 2667 545 2741 7.)
568 2664 776 2745 Gorallnmqne
799 2665 947 2739 (Albinov.
965 2667 1013 2730 El.
1032 2666 1078 2740 ll,
1098 2668 1166 2744 57.)
1189 2666 1314 2748 pluribus

256 2749 531 2814 demonstraveruut
552 2751 576 2812 I.
600 2751 635 2812 Η.
655 2750 777 2815 Vossius
800 2750 838 2811 ad
860 2752 945 2831 Virg.
967 2752 1018 2814 Ge.
1040 2751 1086 2826 11,
1109 2756 1183 2816 116.
1205 2772 1266 2833 sqq.
1288 2759 1314 2815 et

132 2872 134 2883 =
254 2831 814 2910 1115511511.5111115511.11,3,55.
864 2835 968 2918 Itaque
996 2836 1162 2902 115511
1194 2837 1314 2900 eiusdem

255 2923 336 2986 Aelii
357 2919 437 2984 Galli
459 2921 673 3002 expeditionem
695 2923 809 2985 relerre
831 2941 888 2984 non
912 2924 1091 2997 dubitamus,
1113 2942 1201 3004 quam
1221 2921 1314 3006 paullo

254 3017 323 3072 ante
351 3027 379 3070 a.
403 2997 540 3092 728l729
569 3017 673 3070 contra
699 3009 827 3089 populos
860 3028 951 3089 supra
971 3011 1098 3091 Aegypti
1129 3009 1204 3072 lines
1235 3008 1313 3071 babi-

253 3103 350 3158 tontes
374 3093 496 3154 iecerat.
544 3094 619 3156 Nam
644 3094 753 3156 Strabo
775 3096 795 3156 l.
818 3093 855 3156 l.:
883 3093 1014 3173 ccciccc,
1044 3095 1155 3175 inquit,
1184 3087 1313 3175 (Αἴλιον

252 3170 398 3252 Γάλλον)
426 3167 578 3259 ἔπεμψεν
607 3167 625 3239 ὁ
654 3172 823 3257 Σεβαστὸς
851 3179 993 3266 Καῖσαρ.
1020 3175 1312 3264 διαπειρασόμενον

252 3261 319 3326 τῶν
346 3257 471 3338 ἐθνῶν,
500 3258 556 3324 καὶ
583 3260 645 3325 τῶν
670 3259 782 3325 τύπων
810 3256 934 3328 τούτων
963 3287 998 3328 cs
1027 3261 1084 3328 καὶ
1103 3257 1314 3329 Αἰθιοπι-

253 3346 334 3410 κῶν
363 3337 451 3430 ὀρῶν
479 3339 539 3431 τήν
566 3368 602 3409 τε
632 3345 984 3438 Τρωγλοδυτικὴν
1016 3347 1075 3436 τὴν
1103 3347 1253 3436 1111008λῆ
1278 3344 1314 3434 lli
1384 3441 1385 3448 ,

253 3423 428 3516 Αἰγύπτῳ.
1291 3483 1296 3492 .

355 3532 528 3608 15151515,
550 3534 577 3596 si
599 3534 636 3597 115
659 3533 782 3614 elegiis,
805 3556 878 3617 quas
900 3537 1017 3602 discidii
1039 3545 1173 3620 tempore
1196 3537 1313 3618 scriptas

254 3638 322 3684 5555
344 3628 474 3694 constat,
496 3619 628 3683 decimae
650 3631 679 3684 51
701 3621 871 3686 undecimae
893 3623 945 3702 (cl.
965 3626 1001 3688 L.
1021 3624 1044 3686 1.
1068 3623 1312 3706 (155111511.
1384 3615 1385 3630 ³

255 3707 330 3787 Gap.
350 3705 404 3768 111.
426 3723 455 3785 p.
481 3708 531 3768 15.
554 3705 635 3787 sqq.)
656 3709 792 3788 proxima
814 3712 945 3772 carmina
967 3710 1204 3774 consideramus:
1227 3708 1312 3770 duo-

256 3791 403 3856 decimo
432 3793 623 3872 interruptam
643 3793 781 3856 uidemus.
797 3798 907 3856 amoris
932 3797 1086 3858 historiam
1108 3796 1249 3878 etqnasi
1273 3791 1312 3852 la·

254 3877 374 3952 bulam,
396 3875 512 3957 qualem
533 3878 569 3939 L.
591 3877 615 3940 1.
639 3879 782 3960 capvt
805 3882 984 3944 coruscituere
1011 3883 1077 3942 ausi
1106 3901 1220 3958 sumus,
1242 3877 1312 3953 eleg.
1384 3919 1385 3964 .

174 4041 180 4051 ι
254 3973 352 4026 antem
375 3965 416 4035 9.,
439 3969 467 4022 51
489 3979 539 4038 ea,
560 3983 647 4044 qnam
669 3967 743 4039 sois,
769 3970 828 4041 13,
851 3986 911 4047 qua
932 3968 999 4048 ipsa
1020 3967 1098 4030 istud
1120 3969 1204 4030 ulcus
1222 3984 1249 4028 1.
1265 3962 1310 4026 25.
1384 3997 1385 4014 .

256 4053 359 4112 51211.
380 4047 562 4125 continetur,
590 4051 633 4112 ita
659 4051 845 4114 laborantem
872 4055 1081 4116 sententiarum
1109 4071 1214 4116 nexum
1238 4047 1312 4113 uide·
1384 4059 1385 4104 1

256 4152 337 4208 mus,
365 4141 398 4194 ut
423 4133 481 4193 nisi
510 4135 659 4209 „naribus
688 4146 777 4216 atque
806 4137 988 4217 quadrigis“
1016 4141 1247 4202 coniunctionem
1265 4149 1312 4214 pe·

185 4225 192 4238 ‘
255 4227 366 4293 155555,
393 4218 424 4278 15
453 4217 549 4282 altera
575 4240 621 4285 11.
642 4225 810 4298 att-cn,
844 4224 875 4284 in
903 4225 1001 4290 altero
1026 4243 1071 4288 11.
1093 4225 1244 4290 43-58,
1269 4233 1312 4280 11·

258 4305 319 4368 suti
344 4303 498 4368 iudicandi
527 4307 586 4373 sint
613 4308 714 4390 panni.
756 4308 802 4372 lle
828 4311 985 4391 superiore
1012 4328 1084 4376 uero
1109 4312 1154 4376 ita
1179 4327 1239 4376 nem
1258 4303 1311 4386 egil
1384 4325 1385 4412 j
