2762 4972
229 327 281 406 82
542 337 734 397 Quaestionum
754 335 836 390 Liber
852 337 995 392 secundus.

234 515 416 590 oraticnem,
455 531 516 596 qua
552 511 678 576 solutum
714 509 790 576 illud
827 507 919 576 ueluti
954 513 1092 592 aenigma
1125 512 1295 594 pronuntiet.
1355 561 1357 567 ,

234 603 367 668 Medium
396 610 494 664 autem
523 617 641 663 carmen
671 600 872 662 narrationem
906 600 1000 679 ipsam
1028 598 1199 662 continebit.
1250 599 1296 660 Sic

235 690 284 754 ΕΙ.
308 688 362 764 ΙΙΙ,
384 692 423 763 4,
447 691 475 750 l.
497 691 526 750 2.
548 701 698 767 prooem,
729 704 755 747 r.
777 690 830 748 92.
850 689 901 760 93.
925 686 1033 748 exitum
1061 685 1230 748 breuissime
1257 685 1297 744 el-

235 775 351 851 ficiuut3
379 773 427 837 ΕΙ.
450 777 508 846 10,
527 791 556 834 r.
579 774 685 835 Ι-4,
715 772 817 834 exord.
846 788 874 833 u.
896 772 1049 834 45-48,
1075 771 1192 834 exitum.
1242 768 1297 834 Sed

238 861 334 924 simile
361 860 545 941 prooemium
575 875 613 920 ue
638 875 754 937 semper
781 857 980 919 necessarium
1003 856 1125 932 credas,
1151 855 1198 917 ΕΙ.
1219 859 1248 919 9.
1268 857 1297 915 iu

237 945 350 1010 medias
377 963 426 1008 res
448 945 590 1007 lectorem
617 941 747 1018 inducit,
774 943 881 1006 exitum
910 953 1025 1018 tamen,
1054 960 1114 1024 quo
1135 943 1191 1004 boc
1212 957 1297 1022 genus

239 1050 345 1095 carere
372 1030 489 1093 omuino
517 1047 576 1090 uun
603 1038 716 1110 potest,
743 1047 788 1092 rr.
812 1033 863 1092 73.
886 1032 937 1091 74.
959 1030 1058 1092 habet.
1109 1029 1212 1108 Neque
1233 1043 1297 1089 reru

239 1121 270 1181 iu
297 1119 343 1180 his
368 1119 489 1181 uariare
514 1116 639 1178 formam
666 1114 769 1178 nescit.
817 1115 891 1179 Nam
917 1114 965 1176 ΕΙ.
986 1116 1043 1189 ΙΙΙ,
1065 1119 1094 1178 2.
1117 1115 1210 1194 ipsum
1230 1113 1299 1176 Ver-

238 1215 368 1270 tumnum
395 1202 481 1282 fingit
509 1201 547 1264 de
578 1219 611 1264 se
641 1198 799 1276 dicentem,
831 1210 921 1281 atque
948 1202 991 1264 ita
1019 1199 1153 1281 quidem,
1184 1207 1216 1262 ut
1243 1198 1299 1278 pri-

238 1309 315 1354 mum
342 1287 446 1352 exord.
469 1307 496 1350 u.
518 1292 547 1350 l.
571 1291 600 1350 2.
622 1288 770 1349 contineri
794 1286 946 1362 rideatur,
976 1288 1071 1350 exitus
1097 1290 1128 1350 9.
1152 1290 1202 1348 lt).
1243 1281 1300 1346 Sed

239 1377 377 1458 muniam
401 1374 567 1454 cumplures
590 1371 627 1434 de
648 1368 773 1436 nominis
795 1373 913 1452 urigine
940 1372 1114 1436 terebantur
1142 1369 1299 1453 opiniones,

237 1473 345 1548 poeta,
370 1479 407 1524 ue
434 1459 525 1522 ullam
548 1459 711 1535 omitteret,
740 1458 836 1520 denuo
861 1475 983 1521 exorsus
1005 1468 1051 1522 est
1071 1478 1099 1522 r.
1118 1461 1184 1534 ll.,
1211 1454 1297 1518 donec

239 1568 267 1612 r.
294 1553 343 1613 19.
372 1549 479 1609 ceteris
511 1546 647 1618 reiectis,
681 1563 768 1626 qurum
801 1545 865 1625 ipse
894 1563 993 1608 reram
1027 1545 1189 1618 existimet,
1221 1541 1298 1604 deun

238 1635 312 1699 facit
339 1634 558 1714 producentem.
613 1631 679 1708 Quo
710 1629 743 1693 lit
769 1638 802 1692 ut
832 1630 925 1693 omnis
958 1631 1044 1712 prior
1070 1648 1142 1712 pars
1170 1627 1301 1691 carminis

237 1741 266 1786 r.
289 1722 417 1785 1-18.
437 1715 583 1800 prooemii
603 1717 672 1778 luco
692 1717 799 1779 baberi
817 1716 928 1797 possit,
949 1734 1005 1798 pru
1029 1719 1110 1780 exitu
1131 1725 1226 1780 autem
1247 1713 1299 1774 sint

238 1825 267 1872 u.
287 1810 339 1869 47.
360 1809 413 1868 48.
456 1803 517 1865 lam
545 1819 635 1878 reru,
668 1819 732 1864 oum
760 1819 820 1864 nou
851 1801 939 1864 modu
968 1802 1006 1866 de
1034 1803 1151 1866 nominc
1179 1801 1226 1862 dei
1254 1795 1301 1860 sed

239 1893 327 1956 etiam
350 1891 387 1953 de
409 1890 467 1952 rici
488 1889 579 1952 Tusci
606 1889 724 1967 origine
748 1887 901 1952 dicendum
924 1898 1018 1964 esset,
1046 1888 1159 1951 additis
1180 1888 1210 1949 iu
1230 1885 1299 1947 bum

238 1998 267 2042 r.
289 1977 438 2042 tro-56.
460 1973 577 2038 tandem
597 1973 738 2039 Mamurii
758 1973 864 2049 laude,
891 1975 942 2056 qui
963 1977 1079 2054 signum
1099 1991 1219 2037 aeneum
1241 1988 1302 2034 cae-

239 2064 330 2137 larit,
364 2071 458 2125 tutum
486 2077 605 2123 carmen
637 2061 735 2124 lucete
767 2061 925 2124 clauditur.
974 2061 1064 2142 Eleg.
1093 2078 1164 2125 reru
1194 2057 1247 2134 lV,
1276 2059 1301 2127 Ι,

243 2151 371 2214 1-70.
393 2148 461 2229 ipsa
485 2146 668 2228 prooemium
695 2147 843 2210 destinata
864 2155 929 2208 erat
956 2147 1057 2211 lurturo
1085 2147 1133 2210 illi
1157 2145 1301 2224 Originum

239 2235 319 2298 libro
347 2234 400 2308 (cf.
427 2232 497 2295 Lib.
523 2232 575 2295 ΙΙΙ.
605 2249 670 2315 cap.
700 2236 763 2310 2.);
787 2242 820 2296 ut
847 2250 923 2294 nrrnc
947 2233 1077 2312 legitur,
1105 2234 1226 2313 lyricum
1253 2244 1303 2310 per

241 2341 274 2386 ee
295 2321 363 2402 ipsa
384 2337 502 2382 carmen
522 2317 643 2398 spiritus
663 2318 790 2399 plenum,
812 2320 945 2381 rensibus
964 2325 1135 2386 71-150.
1157 2321 1201 2382 ita
1220 2331 1302 2398 prae-

241 2409 332 2469 missa
355 2415 414 2480 est,
441 2415 472 2468 ut
498 2405 544 2466 bis
569 2405 718 2466 irrisionis
745 2405 896 2466 materiam
920 2408 1075 2486 praebeat.
1121 2405 1203 2483 Quae
1229 2408 1301 2467 tanto

243 2494 299 2555 erit
326 2491 494 2566 efficacior,
520 2500 629 2573 quantu
656 2489 751 2568 magis
776 2492 856 2553 serio
885 2501 984 2555 aetate
1011 2493 1178 2574 praeterita
1203 2487 1301 2568 grauia

240 2580 296 2641 illa
326 2586 500 2655 argumenta
532 2585 650 2658 poetam
678 2578 811 2640 molitum
841 2595 907 2640 esse
940 2588 1075 2658 apparet.
1130 2578 1301 2656 Quamquam

240 2667 318 2728 risus
340 2665 394 2726 ille
416 2661 599 2739 Sarduuius,
627 2681 685 2743 quo
709 2663 856 2742 astrologi
879 2662 933 2724 sub
953 2681 1085 2745 persona
1109 2662 1207 2726 studia
1227 2667 1301 2723 tauto

242 2768 344 2814 amore
366 2750 430 2812 luta
455 2749 602 2830 tantisque
630 2749 837 2830 speciminibus
860 2758 967 2810 oruata
990 2752 1055 2832 ipse
1083 2749 1206 2812 mordax
1232 2743 1302 2808 ludi-

241 2837 362 2911 ficatur,
390 2836 490 2897 nescio
513 2854 600 2916 qnam
620 2835 853 2897 misericordiam
875 2835 982 2897 lectori
1002 2845 1100 2900 moret
1126 2835 1219 2914 elegis
1238 2847 1301 2912 per·

243 2941 330 3004 quun
351 2921 463 2984 utilem.
505 2921 602 2984 Porro
623 2921 768 2984 victuriae
786 2921 929 2984 Actiacae
951 2921 1113 3004 descriptio
1135 2922 1182 2985 ΕΙ.
1200 2919 1248 2993 lv,
1265 2922 1301 2987 tin

243 3011 327 3071 ouius
348 3016 564 3087 argumentum,
588 3007 615 3068 si
635 3007 737 3077 ullum,
759 3016 804 3070 est
825 3007 948 3087 epicum,
970 3025 1006 3070 eu
1030 3010 1125 3090 elegis
1146 3019 1303 3070 accommo-

242 3093 346 3169 datur,
375 3093 453 3175 quod
481 3094 545 3172 ipse
572 3101 663 3173 poeta
689 3110 749 3155 uon
772 3092 859 3156 modu
887 3094 986 3156 statim
1008 3096 1046 3157 ab
1070 3095 1157 3159 initio
1182 3111 1214 3155 se
1235 3100 1303 3153 tam·

244 3197 331 3260 quam
361 3179 545 3241 sacerdotem
572 3195 648 3260 puro
678 3179 816 3241 carminis
847 3179 931 3242 fonte
964 3180 1022 3242 diis
1050 3181 1203 3244 immolare
1230 3175 1301 3239 uelle

243 3265 331 3344 lingit
357 3263 535 3350 (l—lb.),
563 3263 616 3326 sed
645 3265 735 3327 etiam
761 3264 900 3327 absoluto
927 3265 983 3328 illo
1012 3271 1098 3348 qnasi
1126 3261 1302 3349 panegyrico

244 3351 290 3413 sui
317 3367 376 3412 oon
398 3350 507 3414 oblitus
533 3351 616 3430 pacis
638 3349 724 3412 bunis
747 3368 784 3413 ea
807 3351 935 3414 uictoria
959 3355 1053 3434 partis
1073 3353 1216 3417 iucundus
1238 3365 1302 3410 cou-

243 3438 312 3501 uira
335 3435 455 3499 fruitur.
498 3436 556 3513 Qui
584 3436 678 3498 exitus
706 3454 742 3500 eu
763 3436 796 3501 iit
816 3438 999 3517 elegantior,
1025 3442 1103 3522 qrrod
1125 3440 1227 3502 laudes
1247 3436 1303 3497 du·

244 3521 325 3602 gusti
341 3521 563 3602 futurarumque
575 3523 767 3586 uictoriarum
779 3525 919 3587 uaticinia
933 3527 1084 3589 commode
1098 3527 1188 3589 babet
1202 3525 1306 3585 intexta

243 3626 273 3672 r.
295 3611 448 3674 69-86.
491 3609 596 3690 Neque
613 3626 685 3672 reru
706 3608 755 3673 bic
777 3627 835 3671 non
856 3612 1112 3680 commemoranda
1129 3612 1176 3676 El.
1194 3611 1231 3686 ll,
1248 3609 1304 3676 31„

243 3695 335 3759 breue
355 3711 472 3758 carmen
490 3703 520 3758 et
540 3703 631 3758 tutum
648 3711 744 3776 paene
758 3693 1028 3776 demonstrativum,
1047 3700 1106 3762 uisi
1126 3695 1206 3781 quod
1224 3692 1303 3756 unius

226 3789 281 3844 'ac
302 3797 341 3844 ue
362 3781 474 3862 integri
494 3780 613 3863 quiden
634 3798 737 3844 uersus
760 3781 902 3858 exordio,
931 3802 988 3863 quo
1011 3787 1126 3849 amicae
1148 3781 1303 3848 tardiorem

244 3884 278 3931 se
305 3866 420 3930 uenisse
453 3875 544 3949 poeta
577 3876 715 3945 excusat,
748 3867 913 3948 elegiacam
943 3869 1166 3951 dispositionem
1200 3861 1303 3944 arguit.

243 3951 334 4018 (laius
356 3962 454 4016 umen
473 3970 586 4016 summa
607 3969 672 4015 cum
692 3952 723 4016 in
745 3952 945 4038 descriptione
969 3959 1071 4040 templi
1091 3953 1222 4023 Palatini
1241 3966 1304 4014 rer·

244 4048 336 4114 retur,
355 4038 479 4101 similem
493 4037 617 4103 exordio
634 4039 851 4104 conclusionem
867 4058 926 4104 auu
941 4041 1104 4109 desideres.
1145 4033 1304 4121 Dispositio

245 4134 341 4188 autem
362 4126 500 4207 quoniam
520 4142 585 4187 rem
608 4125 704 4208 ipsam
732 4136 874 4209 sequatur
896 4139 1029 4208 oportet,
1057 4147 1159 4197 uersus
1180 4123 1303 4192 5-10.

244 4228 284 4276 ex
312 4228 363 4288 ea,
393 4228 480 4293 quam
506 4211 597 4290 uulgo
625 4212 755 4290 obtinet,
782 4212 854 4277 sede
881 4226 1011 4280 remotos
1038 4218 1069 4278 in
1094 4217 1152 4278 liae
1172 4206 1304 4277 carminis

243 4297 396 4361 collocare
416 4314 477 4360 uon
499 4295 709 4365 dubitavimus.
748 4298 817 4378 Qua
838 4298 876 4365 de
897 4319 932 4366 re
954 4302 993 4368 cl.
1016 4319 1119 4368 comm.
1140 4299 1180 4366 ad
1202 4317 1226 4362 e.
1245 4295 1266 4359 l.
