2806 4974
151 378 155 382 ’
257 359 335 442 202
573 329 766 438 casatorum
782 376 865 434 Liber
882 377 1023 439 secumdue.

1321 477 1357 531 dx„

191 591 192 598 ι
255 551 368 633 χαῖον,
391 569 468 635 quac
489 550 616 616 solutum
636 549 728 616 eldeit
747 561 778 618 et
795 551 889 618 ueluti
909 549 1082 616 discinctum
1101 547 1319 633 5515515555-
1344 532 1363 602 '³2

256 658 336 717 aum,
357 657 412 722 per
433 641 636 720 exceptionem
653 638 753 717 modo,
770 657 827 704 meo
846 639 923 715 iere,
940 639 997 702 nisi
1017 655 1081 701 eun
1100 638 1179 700 linis
1200 638 1319 701 acriori·
1349 681 1355 724 5

255 726 312 790 hus
339 727 497 788 coniuncta
523 725 710 802 admittatur,
738 727 815 790 haec
839 724 943 789 eadem
964 724 1148 789 cahinacho
1175 722 1252 808 adeo
1278 729 1319 786 est

255 820 390 893 accepte,
409 820 442 874 ut
462 828 521 873 uon
539 811 627 874 modo
646 811 725 876 inter
744 817 807 878 119
825 812 1065 893 epigrammatum
1082 827 1187 876 uersus
1208 826 1319 873 noua·
1354 809 1357 814 '

254 899 340 979 gies
370 899 518 975 obtineat,
551 897 603 960 sed
634 896 665 959 in
692 899 760 978 ipsa
786 898 885 979 hymni
917 898 1064 976 grauitate
1091 897 1184 962 uicies
1214 895 1319 977 septies

254 993 437 1065 compareat.
479 983 594 1060 Porro,
619 1000 684 1044 cunr
705 985 763 1048 hoo
783 985 861 1048 haud
883 982 972 1046 dubie
991 1002 1012 1046 a
1030 983 1153 1046 Graecis
1181 980 1318 1062 exemplis

254 1071 374 1134 duxisse
402 1069 590 1148 Propertium
619 1068 795 1147 dixerimus,
824 1079 858 1135 ut
885 1070 1118 1152 complexionem
1146 1087 1237 1131 unam
1267 1085 1319 1149 per

252 1155 343 1240 plura
364 1156 492 1220 disticha
508 1155 657 1232 uoluerat,
677 1156 722 1221 ita
742 1166 839 1222 tannen
861 1157 938 1219 hane
955 1157 1106 1220 licentiam
1124 1164 1319 1237 attemperare

252 1242 363 1318 uoluit,
391 1250 422 1305 ut
446 1259 593 1322 nunquam
615 1259 680 1304 eam
701 1251 753 1306 aut
776 1244 807 1306 iu
831 1242 929 1306 medio
950 1261 1039 1306 uersu
1064 1241 1245 1316 subsistere,
1271 1246 1319 1302 aut

250 1329 424 1393 hexametro
445 1327 545 1390 claudi
572 1329 772 1410 permitteret,
798 1329 859 1391 nisi
883 1346 947 1391 cum
976 1329 1112 1391 obiectae
1141 1327 1316 1408 necopinato

251 1416 416 1478 sententiae
442 1414 558 1495 pondus
579 1416 667 1476 etiam
688 1415 815 1478 numeris
837 1415 1002 1479 insolenter
1026 1413 1197 1496 praeruptis
1219 1413 1256 1476 de
1276 1413 1318 1474 in-

251 1501 367 1564 dustria
387 1501 499 1564 imitari
519 1500 620 1563 uellet.
662 1500 750 1578 Quod
771 1510 868 1564 tamen
883 1499 1094 1576 Alexandrini,
1116 1501 1235 1562 etiamsi
1255 1495 1317 1560 nul·

248 1587 288 1650 lis
309 1589 476 1666 argumenti
496 1587 661 1650 rationibus
681 1588 830 1668 poscitur,
849 1589 959 1669 pas-sm
979 1587 1038 1648 sihi
1059 1585 1157 1650 solent
1178 1585 1317 1648 5115515-

250 1674 392 1753 dulgere,
419 1683 452 1738 ut
478 1673 527 1736 uel
554 1672 694 1736 emedio
724 1683 907 1756 pentametro
935 1689 1033 1736 orsam
1062 1673 1240 1736 sententiam
1266 1688 1317 1752 per

248 1761 452 1825 hexametrum
474 1759 690 1822 circumflexam
715 1760 746 1822 in
772 1759 869 1828 medio
890 1777 993 1821 rursus
1017 1756 1204 1839 pentametro
1226 1757 1316 1819 inclu-

248 1845 330 1909 dant
372 1844 530 1928 Nequam
552 1847 648 1908 solum
668 1847 700 1909 in
718 1845 829 1909 Catulli
849 1845 967 1925 elegiae
984 1843 1208 1908 (iallimaoheae
1229 1845 1317 1907 iuter-

245 1930 417 2016 pretatione
441 1937 494 1993 aut
518 1931 551 1994 iu
574 1932 767 2013 fragmentis,
792 1949 870 2013 quae
892 1950 930 1994 ex
951 1930 1096 2011 elegiacis
1118 1930 1243 1996 Graecis
1257 1930 1317 1992 mi·

130 2049 132 2054 v
245 2036 354 2082 norum
375 2019 506 2099 gentium
523 2028 644 2083 serrata
663 2017 702 2082 ad
724 2026 856 2081 nostram
875 2026 1001 2081 aetatem
1021 2018 1246 2097 pertinuerunt,
1267 2016 1317 2078 oh-
1375 2073 1379 2086 ,

246 2122 371 2168 seruare
390 2105 480 2180 licet,
502 2103 554 2166 sed
576 2106 607 2167 in
628 2105 696 2186 ipso
717 2105 776 2168 hoo
795 2113 897 2167 nostro
916 2103 1102 2166 limatissimo
1124 2099 1316 2167 Callimacho.

245 2191 295 2257 Gi.
317 2191 347 2254 h.
365 2191 400 2253 L.
412 2191 447 2253 P.
464 2193 514 2253 11.
531 2194 581 2272 11ῑ
595 2195 646 2254 31.
661 2195 712 2255 33.
728 2191 848 2257 tate.
863 2193 915 2255 69.
929 2191 982 2254 81.
998 2190 1051 2253 95.
1068 2188 1139 2255 105.
1155 2193 1230 2266 too.
1249 2189 1316 2252 115.

244 2277 351 2359 Epigr.
373 2269 415 2358 β,
437 2280 467 2340 3.
488 2266 525 2349 e',
546 2281 576 2341 3.
598 2268 639 2353 ς’,
662 2281 691 2340 2.
710 2281 741 2341 3.
762 2268 816 2354 ις’,
837 2279 867 2338 3.
890 2267 950 2352 td',
970 2280 1001 2340 3.
1020 2275 1052 2338 5.
1072 2265 1137 2350 κα’,
1156 2280 1188 2341 3.
1210 2266 1270 2357 κγ’,
1287 2277 1315 2336 3.
1387 2349 1388 2354 ¹

245 2355 307 2447 κη’,
326 2367 355 2426 3.
377 2352 443 2437 xd',
461 2366 491 2425 3.
511 2355 572 2446 des,
589 2367 620 2428 3.
641 2354 707 2446 μή,
727 2366 757 2424 3.
778 2353 838 2442 vd,
858 2365 889 2425 3.
902 2361 933 2425 5.
951 2354 1009 2446 oy‘,
1028 2365 1059 2424 3.
1078 2353 1138 2446 νη’,
1160 2366 1191 2426 3.
1209 2354 1275 2438 vd',
1288 2363 1315 2423 3.
1387 2357 1388 2368 ’

247 2443 287 2525 o',
302 2453 332 2513 3.
349 2439 410 2527 od,
426 2452 457 2512 3.
499 2447 590 2512 Vides
610 2448 718 2528 ingens
738 2448 959 2530 compositionis
977 2447 1135 2510 discrimen
1154 2446 1314 2512 indracto

220 2571 222 2578 ι
245 2543 277 2598 51
301 2534 436 2598 Romano
464 2544 566 2614 poeta.
608 2534 676 2612 Quo
697 2543 796 2597 tamen
817 2544 929 2598 tantum
956 2535 1058 2609 ahest,
1084 2543 1117 2598 ut
1138 2550 1256 2596 omnem
1278 2531 1314 2595 ah

243 2622 301 2684 hac
322 2629 409 2701 parte
431 2622 664 2683 communionem
685 2619 852 2700 negandam
868 2631 905 2683 et
923 2621 1129 2701 Propertium,
1157 2619 1241 2702 quod
1262 2619 1314 2681 alt-
1386 2625 1387 2691 3

242 2705 365 2770 surdum
386 2715 479 2780 55551,
500 2707 646 2770 mendacii
666 2707 829 2770 conuictum
850 2723 915 2769 esse
936 2708 1115 2782 existimem,
1135 2715 1167 2770 ut
1190 2709 1315 2770 15555-

241 2793 304 2856 lum
325 2792 505 2872 intelligam,
528 2794 669 2858 Umbrum
690 2801 808 2874 poetam
829 2810 916 2856 seruo
938 2793 988 2855 isti
1010 2793 1191 2856 imitatorum
1213 2790 1314 2875 pecori
1385 2841 1386 2862 ι

242 2897 311 2944 5555
334 2878 534 2954 eximendum,
559 2879 611 2960 qui
631 2897 688 2961 per
709 2878 827 2957 singula
847 2879 1055 2959 magistrorum
1075 2879 1206 2958 uesdgia
1228 2878 1313 2941 auxie
1385 2871 1386 2913 l

239 2963 412 3029 incedentes
432 2981 487 3027 nco
509 2964 616 3028 dextra
640 2981 696 3027 nec
718 2965 841 3028 sinistra
863 2966 900 3026 ah
920 2964 1055 3028 instituta
1076 2965 1168 3028 semel
1188 2966 1241 3028 uia
1262 2963 1312 3026 de·

239 3053 362 3116 flectere
382 3059 541 3128 conentur,
563 3059 593 3114 et
615 3048 684 3112 dum
703 3051 830 3113 maxime
850 3050 928 3112 idem
949 3051 1053 3114 lacere
1073 3051 1131 3113 sibi
1149 3050 1312 3127 rideantur,

240 3139 359 3202 minime
383 3137 486 3200 lacere
507 3154 541 3200 se
567 3135 646 3198 idem
667 3155 726 3201 nou
748 3137 885 3200 55511551.
927 3136 1101 3218 Propertius
1129 3137 1209 3201 enim
1230 3136 1312 3212 uidit,

240 3222 314 3305 quiid
338 3223 370 3284 in
397 3233 523 3301 utraque
551 3221 658 3299 lingua
684 3239 852 3298 commune,
878 3221 950 3303 quid
976 3223 1123 3285 diuersum
1153 3232 1252 3298 esset,
1282 3230 1310 3286 et
1383 3301 1384 3306 ἵ

237 3308 377 3391 plurima,
400 3325 476 3388 quae
500 3307 621 3368 Graccis
643 3309 853 3388 probarentur,
873 3307 990 3371 Latinis
1015 3325 1082 3370 5555
1103 3309 1307 3390 relinquenda.
1383 3333 1384 3354 ι

237 3395 314 3460 Nam
338 3393 469 3454 Graecus
498 3409 595 3454 sermo
621 3402 729 3455 natura
756 3406 812 3456 sua
840 3393 969 3457 solutior
996 3394 1142 3458 adstricta
1163 3396 1308 3459 orationis

236 3481 391 3544 Romanae
412 3477 530 3541 uincula
550 3480 662 3558 speruit
683 3489 712 3543 et
737 3481 816 3543 neoti
842 3480 951 3543 leuiter
971 3499 1057 3562 quam
1077 3482 1227 3563 perplecti
1249 3501 1309 3544 ma·

236 3565 311 3630 uult.
363 3563 439 3628 ilinc
467 3563 700 3643 complexionum
730 3564 881 3628 clausulae
913 3583 969 3628 nec
996 3574 1056 3629 tam
1082 3570 1193 3631 acriter
1221 3585 1307 3630 aures
1338 3603 1340 3610 ,

237 3652 363 3726 leriunt,
392 3657 422 3712 51
449 3666 508 3731 qno
531 3649 626 3728 magis
649 3651 703 3711 suh
725 3652 865 3722 continua
886 3654 1032 3714 orationis
1054 3653 1211 3734 superficie
1234 3653 1307 3715 deli·

236 3743 366 3810 tescunt,
389 3752 425 3798 eo
447 3736 542 3796 minus
564 3753 700 3798 uersuum
721 3737 827 3800 flumen
848 3737 999 3812 inhibent,
1021 3740 1137 3801 etiamsi
1157 3749 1306 3804 transuer-
1381 3779 1382 3804 ι

236 3839 290 3884 555
312 3822 502 3884 5115155155.
547 3819 604 3884 Gui
623 3831 749 3885 naturae
776 3841 881 3886 sensus
908 3823 1002 3887 semel
1023 3833 1160 3888 assuetus
1181 3825 1307 3889 leniori·

236 3908 292 3970 hus
322 3907 411 3968 etiarn
439 3906 572 3969 caesuris
597 3907 777 3988 acquiescit3
805 3909 965 3972 masculam
992 3909 1078 3972 illam
1100 3921 1129 3974 et
1149 3913 1305 3976 uehemen-

235 4001 295 4057 tem
315 4000 384 4071 post
403 3993 519 4054 tertiam
541 3992 623 4055 arsin
640 3995 879 4074 percussionem,
897 3996 1097 4059 Romanorum
1117 3998 1305 4060 auribus‘in·
1380 4007 1381 4026 ¹

236 4075 339 4159 primis
368 4086 500 4155 gratam,
527 4077 554 4139 si
581 4080 701 4160 saepius
725 4091 895 4161 repetatur,
916 4099 955 4144 na
974 4082 1152 4146 toleraverit
1178 4082 1303 4166 quidem.

234 4165 398 4227 Praeterea
419 4162 535 4225 Graeca
560 4163 665 4243 lingua
690 4166 782 4229 multo
807 4167 947 4230 maiorem
970 4186 1059 4248 quarn
1078 4169 1188 4233 Latina
1212 4169 1303 4250 sylla·
1379 4191 1380 4246 ι

234 4247 339 4310 harum
365 4248 497 4311 breuium
517 4268 667 4313 numerum
688 4252 836 4328 continet,
864 4261 896 4316 ut
922 4254 949 4315 ei
975 4253 1089 4333 singuli
1111 4273 1150 4320 ex
1177 4264 1301 4334 utraque

234 4340 324 4414 gente
351 4342 460 4415 poetae
486 4335 611 4402 eandem
636 4338 772 4401 uersibus
798 4340 861 4401 suis
881 4346 1112 4424 temperaturam
1134 4340 1300 4416 adhibeant,
