2762 4972
235 351 309 432 146
548 370 741 428 Quaestionum
759 371 841 425 Liber
858 371 1000 430 secundus.
1065 344 1070 358 Ι

236 543 288 609 115
314 562 374 608 555
399 545 627 622 intellexerunt,
655 545 715 622 lll,
738 545 796 622 15,
816 548 966 610 33-36.
994 577 1038 589 -
1080 541 1140 608 Sed
1171 543 1245 607 baec
1269 551 1299 610 ut

186 677 194 684 -
237 631 363 696 diximus
385 636 513 696 rariora.
557 635 630 697 Nam
653 651 730 713 quae
752 633 828 713 epici
852 633 990 694 carminis
1010 631 1123 692 llumini
1147 629 1236 711 plenu
1256 631 1299 691 illi

237 717 355 798 quidem
383 728 412 783 et
446 720 551 798 largo,
582 718 634 781 scd
667 719 757 780 latius
785 736 875 799 saepe
904 735 1114 799 usquequaque
1144 717 1300 796 expatianti

239 806 363 884 egregie
386 816 452 868 sunt
473 803 709 877 accommodata,
738 803 841 865 eadem
864 806 1039 866 concitatum
1061 802 1148 882 lyrici
1170 805 1298 883 impetun

236 909 295 954 non
320 890 440 967 decent,
470 893 573 953 nedum
594 890 754 971 Propertii.
797 890 961 953 Praeterea
990 890 1077 952 ctiam
1105 889 1223 950 saeculo
1251 907 1300 949 sua

238 978 344 1056 cuique
367 985 397 1039 et
417 976 481 1038 laus
504 986 532 1039 et
552 978 692 1057 proprius
714 975 853 1055 lcqueudi
873 975 973 1038 decor.
1017 975 1091 1038 Nam
1114 992 1177 1036 oum
1199 976 1300 1037 Hume-

237 1080 301 1124 rum
323 1072 437 1143 patrem
462 1063 570 1125 leutius
596 1080 644 1124 res
676 1070 867 1142 exponentem
894 1070 983 1141 atque
1011 1058 1086 1122 adeo
1110 1062 1240 1123 suaviter
1258 1059 1301 1120 lu·

237 1165 358 1228 quacum
380 1166 438 1211 non
461 1149 571 1211 toleres
598 1147 781 1221 modo‚.sed
807 1165 886 1208 ames
916 1156 945 1210 et
974 1148 1017 1208 ita
1045 1146 1159 1208 demum
1180 1146 1301 1228 probes:

242 1251 278 1296 55
302 1245 405 1298 contra
428 1245 541 1309 aetate,
570 1236 618 1295 cui
641 1251 704 1294 cum
728 1252 765 1295 ex
794 1233 915 1294 assidua
943 1232 1127 1313 superiorum
1154 1242 1301 1315 puetarum

235 1319 381 1396 lectione,
403 1332 461 1382 tum
482 1321 630 1384 extrariis
652 1320 817 1400 praesentis
840 1321 918 1382 ritae
939 1318 1182 1399 occupationibus
1203 1318 1301 1396 imagi-

237 1419 290 1467 nes
313 1407 442 1486 undique
465 1417 494 1470 et
523 1415 695 1486 argumenta
717 1406 857 1479 alluunt,
885 1405 1015 1476 carmina
1041 1422 1174 1487 quoque,
1195 1413 1227 1466 ut
1253 1405 1301 1464 ho·

237 1492 349 1567 mines,
378 1511 415 1554 ne
438 1494 525 1572 copia
551 1501 737 1573 premantur,
759 1491 901 1554 festinare
924 1499 1056 1572 opertet,
1079 1507 1237 1570 carumque
1257 1507 1301 1550 re-

236 1595 316 1654 rum,
338 1597 415 1658 quae
437 1578 507 1640 clim
529 1580 664 1657 integrae
685 1577 885 1658 ponebantur,
903 1578 1002 1658 capita
1024 1576 1223 1664 tantummodo
1243 1584 1303 1637 tan·

236 1679 309 1740 gere
346 1664 453 1745 placet.
509 1663 612 1744 ltaque
647 1663 756 1724 similia
791 1664 914 1745 primum
947 1664 1185 1725 interiecticnum
1221 1661 1300 1723 modu

236 1748 272 1826 (i.
295 1767 323 1812 5.
346 1748 611 1833 aepulemur)
634 1748 782 1809 collocata
805 1757 833 1811 et
856 1738 1113 1821 ἆνταποδόσεως
1134 1748 1302 1826 indigentia,

235 1833 315 1896 uelut
336 1833 382 1907 ΙΙ,
405 1840 434 1909 3,
456 1839 485 1898 9.
509 1854 552 1915 sq.
575 1845 604 1896 51
625 1833 704 1913 qnod
727 1835 926 1897 oblitteratum
948 1834 1139 1896 librariorum
1162 1833 1301 1911 stribligi-

235 1918 511 1995 nibuslV,b,19.:
532 1921 687 1982 Exorabat
707 1937 780 2001 cpns
799 1921 898 1983 uerbis
914 1953 956 1966 -
972 1937 1027 1982 ceu
1047 1919 1161 1982 blanda
1187 1913 1303 2000 perurat
1370 1953 1371 1998 3

235 2004 440 2084 Saxusamque
462 2014 540 2068 terat
568 2005 672 2067 sedula
692 2006 809 2086 lympha
830 2008 916 2068 uiam.
959 2004 1089 2080 Deinde,
1111 2014 1144 2068 nt
1167 2003 1302 2085 exempla,

236 2091 279 2152 sic
304 2091 413 2153 similia
434 2091 576 2154 dissolute
597 2093 696 2173 posita
716 2102 776 2155 tum
804 2091 998 2173 praesertim,
1026 2108 1091 2153 curn
1113 2091 1302 2171 enthymema·

234 2183 296 2238 tum
317 2194 399 2239 more
428 2177 563 2241 adbibita
592 2180 694 2239 nescio
723 2195 810 2258 qnam
834 2177 986 2240 sententiis
1010 2177 1154 2240 cuninam
1182 2177 1303 2259 speciem
1370 2179 1371 2252 3

234 2262 364 2325 trabunt.
407 2262 473 2338 Sic,
495 2281 532 2325 uc
555 2261 594 2324 de
614 2261 661 2325 ΕΙ.
682 2262 713 2338 Ι,
736 2268 771 2339 2,
792 2267 823 2328 9.
845 2282 910 2344 sqq.
934 2261 1280 2344 1115551,ΙΙ,22,4Ι.;
1370 2315 1371 2340 ,

405 2377 479 2428 Num
496 2379 588 2429 melius
604 2378 655 2428 due
673 2377 812 2442 defendunt
828 2378 976 2429 retinacula
993 2393 1094 2448 nubent,

442 2447 536 2498 251155
555 2452 580 2498 et
595 2447 710 2513 perrierus
728 2451 914 2499 comburerer
931 2447 981 2498 ulit
998 2471 1032 2484 -

233 2544 284 2612 tcl
303 2545 348 2624 11,
371 2547 494 2624 1,45.:

357 2683 359 2688 ·
406 2665 546 2718 Navita
563 2665 595 2718 de
610 2667 709 2734 555115,
727 2667 760 2719 de
775 2666 862 2719 tauris
878 2670 977 2722 555551
994 2671 1133 2737 erutor,

440 2737 585 2787 2215555551
602 2737 702 2788 ualles
719 2737 846 2801 5515555,
865 2741 992 2802 pastor
1011 2749 1080 2787 eves.

234 2835 347 2915 Quibus
370 2835 409 2900 51.
432 2852 555 2917 prorsus
578 2835 687 2897 similia
707 2835 761 2911 ΙΙΙ,
781 2839 831 2912 ΙΙ,
847 2837 878 2898 5.
894 2853 938 2916 sq.
959 2834 1044 2911 ΙΙ,5,
1061 2840 1111 2901 19.
1135 2835 1189 2913 25,
1201 2834 1302 2901 5-8.

236 2925 288 2988 Ι5.
313 2927 364 2986 16.
387 2923 438 2987 25.
462 2941 507 3002 sq.
537 2923 594 2994 34,
616 2924 668 2984 47.
699 2921 756 2995 lll,
780 2926 815 2996 3,
837 2926 887 2985 27.
909 2940 953 3001 sq.
980 2922 1035 2997 lV,
1057 2924 1096 2998 5,
1117 2925 1170 2985 61.
1201 2927 1254 2997 10,
1273 2925 1303 2982 4.

234 3008 293 3084 ΙΙΙ,
321 3013 357 3083 9,
379 3010 410 3074 5.
432 3026 478 3088 sq.
528 3006 640 3084 Quibus
670 3007 812 3087 exemplis
842 3015 872 3069 et
899 3007 1090 3070 cumulari
1117 3010 1238 3089 saepius
1266 3007 1304 3068 si-

234 3095 319 3157 milia
341 3093 456 3167 discas,
484 3110 539 3153 nec
560 3101 658 3154 tamen
678 3103 809 3155 nostrum
829 3101 939 3182 tantum
961 3093 1082 3156 saecule
1110 3111 1166 3155 555
1187 3111 1305 3157 conces·

235 3178 570 3255 51555,511551155515
598 3176 863 3258 55151555151551
889 3179 1028 3240 luxuriae
1054 3181 1180 3242 assuetis
1208 3195 1304 3242 sanum

233 3265 319 3328 illum
340 3273 371 3327 et
391 3264 567 3343 simplicem,
590 3262 706 3342 qualem
727 3265 795 3344 ipsa
815 3272 922 3325 natura
943 3264 1021 3327 solet
1039 3283 1242 3346 praeparare,
1263 3265 1303 3326 ci·

234 3351 304 3413 burn
330 3367 444 3430 ponera
472 3349 598 3410 timeret.
642 3349 718 3411 Nam
744 3349 882 3411 similium
903 3351 948 3412 ris
971 3352 1064 3412 omnis
1091 3369 1154 3413 oum
1181 3352 1214 3414 in
1241 3353 1304 3432 ipsa

188 3439 194 3444 '
235 3445 405 3500 naturae
433 3433 596 3496 imitatione
620 3444 770 3508 versetur,
796 3436 853 3497 155
874 3434 900 3496 51
921 3434 987 3516 quis
1007 3436 1144 3500 fastidita
1167 3438 1303 3521 cupediae

235 3530 381 3596 sectetur,
402 3518 433 3580 id
453 3519 565 3600 ipsum,
594 3521 676 3580 55155
705 3537 796 3582 causa
823 3520 919 3582 simile
946 3523 1110 3602 expetitur,
1130 3524 1154 3586 i.
1176 3542 1203 3588 e.
1227 3524 1302 3589 eui·

235 3605 405 3669 dentiam
433 3603 549 3685 perdet.
600 3603 706 3685 Neque
732 3607 828 3684 igitur
853 3615 934 3670 recte
963 3609 1030 3689 quis
1060 3610 1190 3674 simile
1218 3610 1303 3687 dicat,

234 3691 290 3758 aed
311 3690 547 3772 exemplum,
569 3689 648 3771 quod
666 3699 711 3754 est
729 3691 761 3768 Ι,
783 3695 817 3767 3,
836 3696 887 3756 21.
909 3711 972 3774 sq:

405 3811 459 3863 Sed
474 3810 557 3877 feries
575 3810 670 3862 admei
686 3811 768 3862 nullis
787 3809 902 3864 ubeemiu
920 3813 1036 3881 perimis,

442 3879 535 3942 Qualis
550 3879 710 3946 Apelleis
727 3885 766 3932 est
783 3881 857 3933 celer
871 3885 901 3932 r'e
918 3879 1066 3939 tabulis.

234 3978 308 4045 ltem
327 3978 389 4056 111,
411 3981 468 4058 17,
489 3981 541 4045 39.
561 3979 615 4044 59.

627 4127 657 4198 §.
674 4133 718 4184 27.
752 4129 916 4189 ’1555515115

341 4225 404 4300 Sed
433 4234 558 4297 omniun
588 4236 830 4318 frequentissima
862 4236 1102 4317 translatio,
1136 4255 1213 4320 quae
1244 4250 1299 4317 qno

234 4320 328 4387 artius
350 4319 470 4386 dicendi
490 4322 634 4406 ambages
656 4320 840 4387 circumcidit
860 4331 890 4387 et
915 4324 1098 4407 pressiorem
1119 4324 1210 4391 allicit
1235 4339 1299 4387 ora·
