2762 4972
157 405 169 422 „
197 345 272 424 104
507 268 702 416 Quacutiodum
718 355 801 410 Liber
822 353 965 412 amundus.

202 533 310 598 iterum
334 550 373 598 ea
396 534 496 596 omnia
518 533 721 616 perpetiatur,
746 550 825 614 quac
852 530 935 596 circa
953 529 1043 596 iuitia
1066 529 1140 596 novi
1168 530 1280 594 anons

204 629 337 684 amantes
358 637 478 710 manere
498 621 624 684 soleant
666 623 765 700 Atque
785 621 927 682 hacteuus
947 617 1069 699 quidem
1088 634 1196 681 eorum
1216 636 1283 680 car·

205 709 315 770 minum
336 705 409 770 lines
430 716 550 788 patent,
570 724 649 788 quae
668 706 717 770 El.
739 706 835 780 11,a.
856 705 1030 768 consociata
1050 714 1131 767 suut
1175 705 1283 785 Sequi-

206 802 257 857 tur
275 792 323 855 El
344 795 393 868 4.,
417 794 501 855 cuius
526 793 641 856 initium
662 794 837 855 seutentiam
857 790 905 852 illi
929 791 1110 854 simillimam
1137 791 1283 872 praefert.

208 880 249 944 At
275 887 404 957 quauta,
433 880 460 940 si
486 879 611 942 interius
638 879 837 957 quaesiveris,
866 874 1044 941 differentia.
1096 875 1166 939 illic
1197 878 1282 950 euim,

210 965 344 1046 quamvis
372 965 521 1032 subiectus
549 965 661 1039 amori,
688 972 843 1028 contentus
871 971 984 1038 tamen,
1010 963 1182 1038 cruciatus,
1211 979 1284 1043 qnos

209 1051 296 1114 initio
324 1059 475 1126 senserat,
500 1049 571 1114 ideo
598 1048 738 1114 duntaxat
765 1051 797 1112 iu
824 1049 950 1110 animum
975 1057 1117 1125 revocat,
1146 1067 1187 1111 ne
1215 1045 1285 1130 quid

185 1146 322 1220 ,tenere
343 1137 413 1199 novi
438 1135 558 1201 audeat.
600 1137 658 1201 liic
681 1143 786 1199 contra
805 1135 913 1198 infelix
940 1152 1064 1216 prorsus
1087 1143 1120 1198 et
1146 1137 1213 1198 siue
1235 1151 1286 1216 spe

213 1221 348 1284 melioris
374 1223 512 1285 fortunae
533 1225 576 1300 (v.
596 1224 627 1287 5.
651 1225 702 1287 15.
724 1221 792 1299 lfa)
820 1221 987 1303 puellarum
1015 1238 1150 1284 amorem
1178 1223 1210 1283 iu
1231 1220 1286 1282 fine

211 1325 308 1390 paene
330 1318 496 1376 execratur.
538 1309 598 1371 Illa
620 1318 734 1385 autem,
762 1326 839 1388 quae
860 1308 964 1389 primis
986 1316 1130 1388 quattuor
1150 1308 1285 1370 versibus

214 1394 365 1475 superiori
394 1405 569 1474 argumento
601 1395 712 1456 similia
743 1393 921 1458 videbantur
951 1395 1061 1470 verba,
1095 1410 1158 1455 nou
1193 1393 1285 1474 ipsius
1363 1461 1364 1472 2

212 1489 322 1562 poetae
342 1489 418 1556 sunt,
437 1481 490 1542 sed
512 1481 610 1557 amici,
630 1481 679 1544 vel
700 1481 866 1561 qmcuuque
884 1479 960 1542 alius
981 1480 1066 1560 loqui
1085 1481 1136 1544 lic
1154 1479 1285 1558 ringitur,
1362 1499 1364 1506 ⁴

214 1567 267 1648 qui
293 1565 394 1629 solatii
422 1584 516 1630 causa
542 1567 701 1630 communis
729 1568 856 1628 omnium
881 1581 987 1631 recens
1013 1567 1176 1630 amantium
1198 1565 1285 1627 sortis
1363 1625 1364 1628 ,

214 1651 362 1733 arduiqua
380 1653 460 1715 initii
484 1652 570 1716 illum
590 1652 738 1715 admonet.
781 1652 866 1730 Quae
895 1659 1006 1714 tautum
1036 1653 1125 1714 abest
1153 1660 1186 1714 ut
1212 1651 1285 1714 Pro·
1363 1655 1364 1664 ’

214 1741 314 1820 partic
341 1740 399 1820 ipsi
425 1740 606 1819 probentur,
631 1747 664 1801 ut
689 1747 781 1801 totum
806 1755 923 1799 carmen
946 1739 978 1800 iu
1004 1755 1082 1800 veno
1111 1753 1150 1802 eo
1179 1737 1286 1799 solatio
1363 1783 1364 1786 ¹

215 1825 431 1889 refutando
454 1834 598 1888 versetur.
640 1823 703 1886 Sed
724 1840 783 1904 quo
804 1822 945 1886 nocuum
966 1824 1077 1886 Iacobo
1101 1826 1135 1886 iu
1161 1833 1221 1890 tam
1241 1823 1286 1884 lu·
1363 1865 1364 1868 ,

214 1909 302 1974 orico
322 1909 392 1972 loco
411 1908 527 1972 labanti
547 1912 746 1991 ignoscamus,
765 1927 811 1986 ca,
829 1927 916 1990 quam
933 1909 1129 1974 indicavimus
1147 1907 1287 1992 principii

214 1994 264 2060 ΕΙ.
281 1999 314 2060 4.
334 2005 441 2059 natura
461 1996 562 2060 elficit.
602 1997 680 2060 Novi
702 1996 779 2058 euim
798 1996 918 2076 generis
940 2003 1000 2071 cst,
1021 1997 1111 2060 etde
1134 2012 1194 2077 quo
1215 2013 1286 2057 uon-

216 2080 286 2144 dum
316 2084 615 2146 commemoravimus.
665 2083 771 2163 Neque
803 2081 879 2143 euim
913 2081 1026 2158 solum,
1059 2083 1087 2144 si
1122 2080 1287 2162 argumenti
1363 2123 1364 2128 .

215 2167 295 2234 ratio
321 2169 475 2250 postulare
493 2168 646 2241 videatur,
673 2170 770 2230 emtus
792 2168 952 2241 omittitur,
980 2168 1033 2230 sed
1059 2170 1152 2231 etiam
1178 2183 1286 2248 prooe-

215 2253 314 2316 mium.
363 2253 399 2316 Iu
424 2252 538 2315 medias
564 2254 659 2332 igitur
686 2271 736 2315 res
767 2262 858 2334 poeta
885 2253 1033 2332 legentem
1060 2253 1144 2317 ducit
1172 2263 1202 2318 et
1228 2268 1284 2332 quo

215 2337 329 2401 tortior
349 2339 541 2420 cupiditatum
561 2341 752 2419 puguantium
771 2338 866 2402 ardor
885 2348 1046 2419 appareat,
1068 2343 1185 2416 subito,
1207 2340 1285 2402 velut

217 2423 270 2504 qui
290 2423 409 2487 multum
431 2435 461 2488 et
481 2423 533 2486 diu
553 2425 659 2487 tacitus
686 2433 775 2488 antea
799 2443 899 2488 secum
924 2427 1040 2488 locutas
1065 2428 1123 2501 sit,
1151 2425 1283 2504 erumpit

216 2508 306 2586 Quod
334 2509 447 2591 duplici
474 2509 562 2574 modo
589 2509 636 2585 fu,
666 2520 698 2574 ut
725 2519 778 2574 aot
802 2510 1046 2591 interloquentem
1073 2513 1133 2573 sibi
1161 2511 1285 2573 alterum
1363 2557 1364 2560 ¹

126 2621 130 2628 ·
216 2593 328 2674 fingat,
347 2605 399 2658 aut
417 2597 455 2658 ab
478 2615 515 2658 ea
534 2596 741 2659 coniunctione
761 2614 879 2659 carmen
900 2596 1050 2672 ordiatur,
1072 2615 1151 2678 quae
1173 2598 1205 2658 iu
1226 2613 1287 2658 ser·
1363 2621 1364 2630 ¹

217 2698 305 2746 moue
324 2681 427 2744 sedato
446 2682 503 2743 nisi
523 2683 594 2744 aliis
614 2683 768 2745 sententiis
789 2683 962 2764 praemissis
980 2683 1078 2746 locum
1096 2685 1211 2746 habere
1229 2698 1286 2744 nou

216 2767 321 2849 possit.
364 2767 429 2830 linc
455 2769 606 2849 pertinent
630 2767 676 2829 El.
693 2769 737 2844 11,
759 2771 789 2831 3.
811 2773 863 2832 lo.
886 2771 936 2832 18.
957 2773 1009 2831 22.
1027 2773 1079 2831 32.
1102 2769 1161 2846 ΙΗ,
1182 2773 1230 2842 6.,
1250 2767 1286 2828 de
1363 2809 1364 2812 ,

217 2853 325 2934 quibem
352 2855 503 2928 omuibus,
531 2853 670 2936 quoniam
690 2855 798 2936 partim
824 2855 856 2916 in
884 2854 1127 2923 conformationis
1155 2865 1186 2919 et
1212 2853 1287 2924 allo·

217 2938 346 3003 cationis
367 2939 465 3018 ligura
484 2940 523 3002 lis
542 2949 693 3014 versatur,
715 2941 822 3021 partim
843 2941 874 3000 iu
893 2940 1056 3003 audaciore
1074 2940 1286 3023 particularum

217 3044 289 3105 usu,
311 3025 491 3087 commodius
512 3026 679 3105 insequenti
699 3025 797 3107 capite
819 3025 944 3087 dicetur.

321 3110 383 3173 Iam
410 3112 551 3186 verosi,
581 3128 658 3191 quae
686 3110 940 3181 observationibus
967 3111 1077 3174 nostris
1104 3112 1285 3193 potissimum
1363 3151 1364 3164 .

218 3195 344 3259 evicisse
355 3194 517 3270 videamur,
531 3194 622 3258 veluti
640 3205 723 3259 retro
741 3197 892 3260 conversis
909 3214 968 3258 uno
984 3198 1088 3260 obtutu
1103 3199 1286 3279 perlustran—
1363 3213 1364 3268 ᾗ

218 3279 288 3344 dam
314 3282 387 3357 erit,
417 3281 494 3344 duae
518 3281 699 3361 potissimum
725 3300 774 3343 res
801 3293 964 3346 memoratu
990 3281 1101 3361 dignae
1121 3289 1284 3346 occurrunt.

216 3365 347 3430 Primum
369 3367 446 3430 enim
471 3365 547 3428 nihil
568 3375 629 3442 est,
654 3385 714 3447 quo
733 3367 907 3448 Propertius
929 3369 1096 3448 evulgatis
1119 3380 1150 3433 ct
1172 3368 1285 3452 perspi-

218 3451 282 3514 cuis
304 3449 482 3534 dispoueudi
502 3451 613 3513 normis
632 3452 769 3527 recedat,
790 3454 860 3533 quin
880 3453 929 3516 vel
948 3455 1159 3518 affectuum
1180 3456 1285 3522 vola·

216 3537 380 3602 ticcrum
414 3537 671 3618 valensque,
712 3538 760 3602 vel
793 3539 1009 3603 brevitatis
1046 3541 1180 3603 studio
1214 3539 1283 3602 satis
1363 3591 1364 3594 ,

218 3620 398 3686 declaretur.
448 3621 565 3686 Deinde
595 3623 670 3685 nihil
703 3623 830 3688 omnium
864 3643 982 3702 eornm,
1013 3644 1090 3706 quae
1123 3641 1285 3690 communes

216 3707 288 3772 illas
315 3709 401 3788 leges
428 3708 561 3788 migrare
588 3709 759 3788 videantur,
788 3711 819 3773 iu
848 3711 972 3792 primo
1001 3710 1105 3776 libro
1131 3713 1284 3785 iuvenitur,

218 3811 279 3875 quo
302 3795 415 3857 severis
440 3795 612 3858 rhetoricae
636 3795 808 3878 praeceptis
835 3797 922 3859 nimis
951 3797 1099 3862 etiamtum
1122 3799 1284 3880 emancipa-
1363 3829 1364 3894 3

218 3888 281 3950 rua
299 3888 419 3971 poetam
438 3877 694 3971 deprehendimus.
736 3880 799 3948 Sed
819 3882 894 3946 haec
915 3884 1066 3952 hactenus.

600 4015 793 4106 capue
823 4018 940 4094 vl.-

553 4134 955 4190 Deelocutioca.

320 4228 567 4294 Elocntionis
588 4230 654 4294 laus
676 4231 771 4296 omnis
792 4229 862 4294 inde
880 4233 1050 4311 quaeritur,
1073 4242 1104 4297 ut
1122 4232 1199 4317 aptis
1219 4243 1282 4291 sen·

218 4313 329 4378 outae
353 4316 455 4382 verbis
478 4316 667 4382 illustrentur
692 4326 722 4382 ct
746 4317 986 4382 accommodatis.
1027 4319 1133 4402 ltaque
1154 4316 1285 4403 poeticae
