2806 4974
244 348 325 435 234
562 364 777 436 ,emensam
792 368 874 424 Liber
891 368 994 424 tertius.

246 559 316 608 uum
343 539 477 604 manibus
504 538 648 606 ventilata
676 538 805 620 plurima
831 538 884 604 lux
909 537 1050 600 obscuris
1066 535 1215 619 Propertii
1234 535 1302 602 locis

155 657 161 668 ·
247 627 375 702 affulsit,
395 627 584 692 Lachmanno
606 626 788 706 potissimum
807 625 902 686 lacem
924 625 1118 690 ministrante.

350 713 540 790 Grcningano
561 713 712 793 proximus
733 720 762 775 et
782 728 878 792 paene
898 729 955 792 par
974 710 1126 772 habendus
1146 707 1239 772 codex
1261 715 1302 772 est

249 798 599 878 Guelferbytanus,
627 801 695 878 qui,
725 798 750 859 si
773 812 899 860 reuera
919 795 997 859 idem
1018 806 1066 862 est,
1086 805 1174 875 atque
1197 795 1238 870 is,
1258 809 1303 854 cu·
1386 861 1387 874 ἶ

246 885 436 976 insuantur
464 900 541 946 nunc
569 885 664 958 serit,
693 883 996 964 Neapolitanus,
1027 883 1066 944 ab
1088 881 1211 944 Heinsio
1233 877 1303 940 Nea·
1386 891 1387 910 ³

245 971 311 1054 poli
338 971 378 1034 ad
397 971 429 1034 S.
452 970 591 1032 loannem
619 968 833 1032 carbonarium
859 970 954 1042 uisus,
982 969 1107 1030 maxima
1137 984 1202 1028 enm
1228 964 1304 1027 iesti-

246 1057 350 1122 nantia
373 1057 475 1121 auiro
498 1056 605 1118 eximio
628 1055 753 1120 cobatus
781 1055 871 1118 fuerit
897 1071 1017 1116 necmse
1040 1062 1094 1116 est.
1139 1053 1215 1116 Tam
1234 1050 1302 1114 mira

248 1152 294 1207 est
325 1145 404 1206 inter
433 1142 550 1206 Heinsii
582 1140 773 1206 collationem
807 1150 836 1205 et
867 1139 1126 1218 Guelferbytannm
1155 1135 1303 1202 dissensio.
1387 1143 1388 1200 ἒ

245 1229 331 1294 llnnc
358 1237 455 1290 erstem
483 1227 607 1302 librum,
639 1229 770 1308 quamuis
794 1225 867 1290 satis
897 1225 1073 1304 diligenter,
1107 1233 1139 1288 nt
1172 1241 1229 1304 par
1256 1231 1304 1296 est,

246 1315 471 1378 aLaebnranno
494 1323 703 1394 comparatum,
724 1324 821 1376 tannen
842 1331 906 1374 cerm
928 1311 1054 1389 insignis
1067 1308 1304 1382 Scboenemenni,

211 1419 213 1426 ’
247 1403 300 1481 qui
327 1401 526 1464 bibliothecae
551 1399 658 1462 Ducali
682 1400 850 1480 perelectus
878 1407 938 1473 est,
962 1398 1125 1458 humanitas
1152 1395 1304 1476 inspicien-

247 1487 316 1548 dum
341 1487 414 1550 mibi
443 1487 651 1560 concessisset,
681 1487 717 1546 ab
745 1487 831 1547 initio
859 1483 898 1546 ad
926 1483 1011 1544 inem
1038 1491 1179 1544 accurate
1204 1484 1304 1544 iterun

246 1574 379 1648 excussi,
401 1589 524 1652 meaque
546 1580 686 1652 excerpta
707 1588 770 1633 cnm
792 1569 975 1634 Lachmanni
999 1567 1149 1630 adnotetis
1178 1569 1220 1629 ite
1240 1583 1304 1628 eon·

246 1659 346 1733 tendi,
367 1667 412 1732 ut,
434 1659 622 1737 quantumin
644 1658 732 1719 rebus
753 1659 903 1731 humanis,
918 1671 1004 1718 'nunc
1025 1653 1143 1736 quidem
1164 1654 1303 1732 integrum

246 1761 313 1808 eum
334 1744 443 1807 librant
464 1744 680 1806 commentariis
701 1745 810 1806 nostris
839 1742 986 1816 exbiberi,
1014 1757 1071 1821 pro
1095 1749 1178 1803 certo
1201 1737 1305 1812 audea-

245 1847 309 1894 mus
332 1829 489 1910 spondere.
528 1828 631 1890 (lodex
651 1838 748 1890 autem
769 1831 826 1904 bio,
847 1830 898 1908 qui
918 1828 997 1890 inter
1019 1825 1171 1889 Gudianos
1193 1844 1223 1888 n.
1237 1826 1303 1886 224.

247 1917 374 1990 obtinet,
401 1924 446 1978 est
473 1915 729 1990 membranaceus,
756 1916 788 1978 in
815 1924 934 1995 quarto,
963 1911 1043 1994 quod
1071 1913 1171 1986 mont,
1197 1912 1304 1973 minore

244 2001 347 2066 LXXI
374 2000 457 2062 loliis
478 2009 599 2080 praeter
621 2001 763 2086 iacturam
783 2002 915 2082 paginae
936 2001 1022 2060 unius
1046 2008 1114 2061 ante
1133 1997 1220 2060 linem
1240 2011 1304 2076 pro·

244 2089 343 2152 uiniae
363 2087 488 2164 integere
532 2086 666 2166 Scriptus
685 2105 743 2148 non
763 2087 815 2149 illc
836 2087 953 2167 quidem
972 2085 1140 2162 eleganter,
1164 2082 1218 2146 sed
1238 2082 1304 2143 satis

242 2173 411 2254 perspicuis
432 2172 555 2245 litteris,
577 2172 756 2254 compendiis
777 2189 832 2235 nec
853 2173 936 2234 nimis
958 2171 1071 2243 multis,
1093 2187 1148 2232 nec
1168 2169 1226 2231 nisi
1247 2165 1306 2230 rul·
1389 2229 1390 2234 ,

245 2259 379 2339 garibns.
422 2258 536 2320 Lineae
557 2267 587 2321 et
607 2259 637 2319 in
656 2259 755 2323 fronte
775 2259 948 2340 paginarum
968 2267 997 2321 ct
1019 2259 1182 2335 marginem
1201 2262 1305 2317 utrum·

245 2360 304 2425 que
330 2343 399 2406 stilo
428 2344 605 2443 ucrbninric
633 2343 739 2408 ductae
767 2354 825 2407 tam
854 2355 971 2418 tennes,
998 2352 1030 2405 ut
1058 2343 1189 2422 plurima
1210 2355 1304 2402 earum

244 2430 373 2508 uestigia
385 2425 564 2492 evanuerint.
606 2430 740 2494 Litterae
758 2431 937 2492 minusculae
955 2429 1118 2492 crassiores
1134 2445 1223 2508 quam
1240 2443 1305 2504 gra·

244 2516 384 2590 eilicres,
412 2523 522 2578 stantes
554 2533 613 2577 non
640 2517 818 2592 inclinatae,
851 2525 880 2579 et
905 2533 982 2597 qnae
1007 2522 1105 2578 aetate
1129 2514 1204 2577 libri
1229 2509 1303 2576 Xlll.

244 2601 394 2666 saeculum
415 2600 474 2662 iam
497 2601 722 2666 aLacbmanno
746 2602 894 2664 delinitum
915 2618 1011 2683 neque
1033 2598 1196 2675 excedere,
1216 2612 1305 2676 neque

243 2689 325 2752 inlra
347 2686 526 2750 descendere
547 2689 684 2769 prodant.
727 2689 861 2753 Litterae
880 2704 918 2764 rr,
940 2686 952 2750 i
973 2696 1003 2750 et
1022 2687 1112 2759 trita
1131 2703 1194 2748 uno
1216 2689 1305 2748 tractu

246 2783 315 2838 sunt
337 2783 493 2848 exaratae,
513 2782 546 2836 nt
566 2775 616 2838 uix
634 2774 735 2837 unda
757 2784 786 2838 et
807 2773 917 2850 nuda;
931 2775 1026 2836 iuno
1046 2780 1144 2835 autem
1168 2781 1198 2836 et
1217 2771 1305 2841 uino,

245 2860 353 2924 inuit
382 2867 412 2922 ct
440 2860 555 2934 uiuit,
587 2859 719 2924 noluit
751 2869 780 2924 et
812 2860 938 2922 nolint
969 2875 1093 2940 prorsus
1122 2875 1183 2920 non
1215 2853 1305 2938 possis

245 2945 433 3025 dignoscere.
476 2945 568 3020 Hinc,
588 2947 616 3008 si
635 2945 808 3026 quibusdam
828 2944 903 3007 locis
928 2962 988 3007 non
1007 2944 1086 3006 idem
1108 2943 1190 3025 quod
1214 2940 1305 3006 Laeb-

244 3050 368 3096 mannus
387 3047 442 3112 pro
464 3029 583 3094 diuersa
605 3034 754 3115 scriptura
771 3031 989 3106 adnotavimus,
1009 3029 1224 3094 aestimandum
1245 3027 1305 3092 crit

248 3133 386 3196 Ceterum
417 3140 539 3213 praeter
566 3134 640 3196 haec
667 3136 773 3198 uerba:
806 3115 933 3198 lnerrrr
955 3133 1130 3196 rPrsarrus
1160 3131 1239 3194 omni
1264 3129 1305 3190 in·

246 3221 408 3300 scriptione
431 3227 523 3279 caret.
566 3219 686 3300 Singuli
715 3220 785 3282 libri
814 3239 851 3284 ne
877 3220 973 3302 spatio
996 3219 1115 3300 quidem
1137 3219 1305 3280 discernun-

243 3314 309 3379 tur,
336 3321 431 3382 neque
454 3303 585 3366 earmina
612 3306 871 3386 inscriptionibus,
901 3307 953 3368 sed
975 3307 1048 3368 solis
1076 3306 1185 3368 litteris
1209 3303 1303 3366 initia-

244 3390 335 3462 libus,
352 3399 398 3450 sat
418 3388 481 3448 illis
502 3388 618 3467 quidem
640 3410 659 3451 a
676 3393 800 3455 librario
820 3394 982 3456 exornatis.
1025 3391 1195 3454 Asccnnda
1215 3405 1306 3460 menn,

246 3475 379 3555 qunamuis
412 3490 472 3534 non
505 3475 548 3535 ita
579 3477 707 3552 recenti,
744 3496 799 3540 uec
828 3479 919 3542 multo
950 3495 1037 3559 quam
1065 3479 1133 3558 ipsc
1167 3474 1304 3538 librarius

244 3559 334 3632 uixit,
362 3557 523 3632 interiora,
548 3565 748 3626 correctiones
776 3565 891 3644 aliquot
919 3573 986 3627 sunt
1015 3565 1169 3625 maximam
1195 3571 1304 3643 partem

245 3662 346 3709 uerae.
393 3643 470 3730 Alia⁴
490 3661 593 3706 manus
622 3649 712 3710 madro
743 3652 893 3712 recentior
922 3658 951 3712 et
980 3651 1117 3711 teneriore
1145 3649 1304 3711 litterarum

245 3738 343 3794 tractu
365 3728 490 3806 insignis
512 3730 657 3811 inprime
679 3734 758 3796 libro
781 3737 897 3815 aliquas
919 3736 1034 3798 litteras
1056 3753 1179 3796 cerussa
1201 3748 1305 3813 expun-

196 3890 199 3895 g
246 3817 306 3888 xit,
334 3814 364 3910 in
394 3815 517 3894 reliquis
544 3813 631 3878 libris
659 3821 791 3882 carmina
818 3821 895 3883 male
922 3823 1113 3884 cohaerentia
1140 3818 1303 3900 dispescuit.

212 3962 216 3970 ,
245 3899 401 3996 Librarius
425 3900 554 3979 quamuis
576 3919 635 3963 nnn
656 3922 778 3983 prorsus
800 3908 923 3984 ignarus
944 3908 1071 3969 Latinae
1098 3908 1236 3989 linguae,
1262 3911 1305 3967 tat-⁴

247 4001 314 4048 men
348 3985 539 4046 brstoriarnnr
569 3988 743 4053 rudissimns
772 4009 826 4053 nec
855 4001 957 4055 cetera
992 3994 1078 4054 nimis
1108 3992 1211 4054 doctus
1244 3987 1303 4050 linit.

246 4071 311 4168 lloc
333 4084 392 4167 non
413 4077 472 4130 tam
492 4069 593 4150 lapsus
615 4074 730 4155 aliquot
750 4077 840 4140 facile
863 4078 1039 4154 excursandi,
1060 4097 1145 4159 qnam
1167 4074 1305 4140 nominum

193 4177 196 4181 ’
248 4163 442 4250 eruptiones,
471 4157 576 4233 quibus
600 4175 663 4220 crim
690 4161 880 4242 Groningano
903 4164 1050 4227 interdum
1073 4171 1184 4239 certat,
1205 4157 1304 4224 deinde

248 4257 320 4302 uero
345 4247 434 4300 enam
455 4239 515 4301 loci
540 4245 613 4305 certi
635 4254 795 4323 testantur,
817 4250 870 4311 ubi
891 4253 1056 4313 sententiae
1078 4266 1212 4312 securum
1232 4245 1305 4307 litte·

249 4341 349 4386 rarum
367 4322 471 4388 doctos
490 4327 569 4392 male
588 4329 731 4394 imitatum
749 4350 893 4399 esserum
913 4345 1005 4418 patet.
1047 4335 1188 4418 Apertior
1208 4340 1304 4402 uum,
