2762 4972
200 308 284 376 Caput
301 305 334 361 V.
370 305 411 358 De
429 303 601 373 dispositione
619 302 762 356 carminum
781 305 1024 375 Propertianorum.
1098 293 1144 370 Sl

96 480 268 544 suasoriis
291 480 406 542 similis.
449 479 607 542 Nemeum
627 479 658 540 in
679 479 776 542 anino
797 480 870 554 eius,
890 499 1014 563 procum
1033 484 1143 562 litigat,

95 585 185 650 prauus
206 567 326 629 affectus
346 584 404 628 nun
425 565 502 627 adeo
523 567 693 648 superiores
714 585 778 628 csse
797 566 935 645 curulidat,
955 579 990 632 ut
1008 571 1141 636 uoluntas

95 655 187 715 rationi
206 671 327 734 prorsus
356 653 394 715 sit
419 651 559 726 rebellis,
584 653 661 713 banc
683 654 777 732 ipsam
802 655 827 714 si
851 654 911 716 alio
934 673 992 735 qno
1022 669 1140 722 uertere

94 741 191 820 sibique
218 740 363 801 inclinare
390 738 467 810 uult,
495 739 717 800 rationibus
748 748 777 801 et
804 744 1043 816 argumentis
1073 763 1138 808 eam

92 826 265 904 aggrediatur
283 831 409 907 oportet.
451 823 497 885 Ec
520 831 617 886 tamen
639 843 657 885 a
677 824 780 906 priore
802 842 913 903 genere
932 827 1038 903 differt,
1057 831 1138 909 qnod

91 931 138 973 nun
155 913 301 992 utriusque
321 911 416 992 partis
438 908 587 972 audienda
612 920 679 973 suut
707 919 736 973 et
763 911 955 991 expendenda
981 932 1139 996 argumen-

90 1007 124 1070 ta,
147 997 211 1073 sed,
240 999 378 1079 quoniam
408 1013 472 1058 cunr
506 997 649 1059 obnitenti
682 995 805 1058 alterius
840 999 1040 1064 uoluntate
1070 1021 1137 1066 cer-

91 1093 168 1144 taneu
194 1093 237 1146 est
266 1081 460 1157 subeundum,
490 1082 568 1144 inter
594 1100 661 1161 spes
690 1091 719 1144 et
748 1083 869 1145 timores
896 1085 1040 1149 fluctuans
1067 1106 1136 1152 car-

90 1171 307 1242 maurocenum
327 1170 406 1232 serie
423 1165 511 1229 modu
530 1169 693 1248 promissis,
710 1167 798 1230 modo
816 1170 911 1246 minis,
930 1172 1018 1235 modo
1036 1174 1136 1253 iussis,

91 1255 159 1316 nolu
187 1257 324 1336 precibus
351 1262 502 1336 pertenta,
529 1255 620 1316 uariis
647 1253 764 1329 elegiae
790 1255 885 1316 modis
913 1255 1055 1322 facillime
1083 1279 1134 1324 ac·
1217 1289 1219 1294 ¹

89 1342 279 1405 commodatur.
323 1341 387 1404 llua
407 1348 504 1402 autem
519 1341 668 1420 pertinent
680 1339 738 1400 Ell.
750 1340 773 1414 l,
786 1345 816 1402 2.
830 1345 860 1404 4.
874 1343 905 1404 5.
919 1345 948 1404 7.
962 1347 992 1418 8,
1008 1349 1133 1412 1-26,

91 1431 129 1488 ll.
148 1429 186 1503 ll,
207 1433 236 1492 6.
264 1431 313 1491 16.
335 1426 391 1502 ΙΙΙ,
414 1428 465 1492 15.
487 1431 538 1489 20.
559 1429 612 1488 22.
655 1425 786 1502 Quarum
808 1427 834 1488 si
852 1426 900 1488 ΙΙΙ.
922 1429 974 1503 ΙΙΙ,
998 1435 1048 1494 20.
1070 1433 1134 1495 iur-

87 1521 150 1573 tasse
174 1515 262 1577 etiam
282 1512 341 1586 ΙΙΙ,
364 1513 413 1576 15.
436 1513 514 1574 inter
540 1512 637 1592 prima
657 1512 766 1574 amoris
794 1519 929 1593 tempora
948 1516 1063 1580 censeri
1085 1537 1135 1582 re-

86 1601 214 1677 putaberis
242 1599 296 1674 (ci.
320 1599 388 1662 Lib.
410 1597 461 1660 lll.
485 1615 550 1677 cap.
572 1599 634 1672 3.)‚
660 1598 716 1659 bac
744 1599 832 1661 etiam
857 1619 891 1662 re
921 1598 1039 1666 diuersa
1067 1623 1134 1667 car-

87 1685 173 1748 ninuu
192 1685 346 1766 Propertii
368 1684 488 1746 iuuenili
516 1693 545 1747 et
567 1683 670 1746 adnuite
689 1685 748 1744 ianr
770 1693 868 1746 aetate
889 1688 1065 1767 scripturum
1087 1691 1135 1751 in-

87 1769 153 1832 doles
180 1772 347 1852 apparebit.
396 1770 534 1846 Quiumris
560 1771 635 1830 enim
662 1779 743 1832 tersa
769 1772 828 1832 siut
856 1779 885 1833 et
909 1771 1040 1848 limata,'
1057 1777 1133 1838 baec

88 1865 180 1933 tanen,
207 1877 295 1938 quam
323 1857 538 1936 significamus,
562 1854 658 1918 forma
685 1857 829 1918 suasoriis
851 1857 955 1920 similis
981 1861 1133 1924 rhetorum

86 1945 183 2005 subulas
204 1947 355 2007 etiamtum
385 1942 511 2004 redolet.
552 1942 598 2005 Ne
621 1941 697 2002 enim
721 1941 843 2018 credas,
869 1944 948 2024 quod
975 1947 1080 2009 etalii
1102 1958 1133 2012 et

86 2027 108 2088 in
129 2030 243 2093 Tibullo
268 2028 421 2091 Dissenius
446 2027 583 2090 ridentur
608 2026 742 2108 opinari,
773 2030 903 2090 carmina
932 2029 1068 2110 elegiaca
1094 2051 1132 2096 eo

85 2117 161 2194 nugis
177 2116 318 2196 probari,
343 2131 401 2196 quo
421 2114 545 2194 propius
566 2113 698 2175 actiones
719 2114 854 2176 forenses
874 2116 1035 2194 attingant,
1058 2137 1132 2198 quu-

86 2217 128 2278 que
147 2203 312 2264 accuratius
334 2211 508 2279 argumenta
526 2202 557 2261 in
580 2198 714 2283 singulas
736 2210 837 2280 partes
855 2204 996 2282 persequi
1018 2207 1132 2284 possis:

83 2303 124 2347 nus
148 2306 182 2350 ea
203 2305 282 2370 quae
310 2287 397 2349 modu
424 2285 635 2347 illustravimus
662 2303 840 2364 generans
868 2290 987 2367 poetica
1014 2291 1132 2370 quidem

85 2388 135 2434 csse
159 2374 404 2447 concederemus,
429 2373 488 2433 nisi
515 2380 647 2450 poetam,
677 2383 889 2452 contraquam
915 2374 980 2454 ipse
1001 2377 1133 2440 relisisse

84 2457 229 2536 rideretur,
259 2477 318 2522 uon
339 2467 399 2522 tarn
420 2457 585 2520 rationibus
611 2456 719 2518 callide
741 2459 892 2520 subductis
913 2460 1132 2526 demonstrasse

82 2543 194 2624 aliquid,
223 2565 313 2627 quam
336 2563 373 2606 ea
397 2542 651 2622 argumentatione
673 2541 809 2622 dispersa
830 2563 902 2606 suae
928 2547 1021 2628 ipsius
1043 2551 1131 2624 uitae,

81 2632 297 2705 britanicum,
326 2631 470 2692 clementa
496 2629 625 2689 nescium
652 2647 748 2708 paene
775 2629 934 2709 collegisse
963 2644 1133 2714 appareret,

81 2724 105 2776 nt
125 2717 216 2798 ipsum
244 2717 337 2781 ueluti
362 2718 458 2779 uiurrm
487 2731 645 2792 rerumque
673 2715 785 2776 babere
814 2725 842 2777 ct
873 2717 966 2778 oculis
996 2722 1133 2800 aspicere

81 2798 176 2866 lueret.
226 2803 347 2883 ltaque,
378 2819 455 2882 quae
486 2801 517 2862 in
546 2798 674 2861 oraturis
702 2799 897 2880 dispositione
926 2822 1036 2874 summa
1064 2807 1132 2868 larus

81 2897 127 2963 est,
143 2892 199 2952 huc
222 2890 256 2951 in
276 2885 482 2952 carmine'nisi
502 2887 617 2960 uitium,
638 2887 835 2949 accessorium
859 2897 939 2950 certe
962 2900 1021 2964 est,
1044 2901 1134 2972 atque

80 2971 102 3032 in
120 2993 150 3036 eu
173 2975 271 3038 solum
292 2976 446 3054 utriusque
469 2973 542 3035 artis
568 2972 640 3034 lines
666 2983 848 3052 congruunt,
877 2973 956 3052 quud
983 2987 1040 3038 tam
1065 2995 1134 3040 car·

79 3074 129 3122 nen
150 3081 238 3142 quam
261 3063 358 3123 oratio
381 3058 534 3122 exordium
557 3067 587 3121 ct
609 3059 733 3120 medium
755 3057 869 3138 aliquid
894 3070 923 3122 et
948 3063 1055 3125 exitum
1078 3065 1134 3125 ba-

79 3143 136 3208 bere
157 3147 256 3211 debet.
300 3147 442 3226 Reliqua,
470 3163 546 3226 quae
572 3161 628 3225 pro
657 3147 823 3224 argumenti
850 3149 995 3210 uarietate
1021 3150 1133 3210 iamin

80 3235 250 3296 orationibus
273 3250 396 3296 nrrmerc
417 3242 483 3294 suut
509 3231 639 3305 infinita,
666 3233 697 3292 in
720 3231 898 3293 carminibus
921 3235 964 3295 ita
984 3234 1132 3310 differunt,

78 3326 102 3378 ut
124 3338 180 3383 non
208 3319 298 3382 modo
326 3337 383 3401 pru
409 3335 444 3380 re
472 3327 559 3392 nata,
588 3315 639 3378 sed
669 3335 725 3397 pro
753 3319 866 3398 ingenii
893 3318 996 3382 indole
1024 3332 1149 3403 poetae*

77 3401 149 3468 aliter
169 3415 261 3488 atque
284 3406 372 3468 aliter
392 3405 518 3466 materia
538 3405 577 3466 sit
598 3402 783 3466 adornanda.

160 3493 269 3574 ltaque
292 3493 322 3553 iu
343 3509 377 3554 ec
401 3508 529 3569 genere,
555 3487 634 3570 qnod
662 3491 747 3570 epicu
769 3489 933 3571 proximum
957 3498 1017 3566 est,
1039 3492 1132 3554 bisto-

78 3572 128 3638 riac
154 3580 202 3642 sel
231 3579 355 3640 fabulae
381 3577 466 3658 ipsae
495 3577 554 3638 sibi
582 3575 806 3656 dispositionem
832 3577 971 3640 elliciuut.
1023 3579 1133 3655 Quam-

77 3675 148 3736 quam
170 3655 267 3726 αἴτια
289 3664 439 3744 Propertii
466 3661 503 3724 ab
530 3663 615 3743 spica
639 3663 741 3742 poesi,
769 3680 846 3742 quac
870 3663 994 3744 proprie
1016 3664 1134 3737 dicitur,

77 3743 110 3806 ita
134 3749 293 3825 differunt,
325 3760 357 3812 ut
390 3766 454 3810 cum
483 3747 565 3810 illius
595 3767 645 3810 res
674 3757 778 3827 gestae
807 3765 866 3809 nou
895 3749 1021 3812 circuitu
1048 3753 1156 3832 quasi'

77 3834 185 3908 quodum
208 3845 293 3898 certo
316 3833 576 3908 claudantur,'sed
599 3834 667 3895 aliis
691 3853 727 3897 ex
746 3834 815 3896 aliis
835 3851 952 3914 semper
974 3836 1048 3898 ortis
1069 3855 1136 3899 cer-

76 3921 216 3982 taminibus
243 3931 302 3984 tum
325 3940 399 4004 opus
426 3920 457 3982 iu
478 3919 620 3982 inlinitum
643 3937 796 3994 crescere,
823 3928 883 3981 tunr
903 3921 934 3982 in
957 3916 1137 4005 ῥαψῳδίας

77 4014 160 4079 partes
183 4009 321 4086 singulas
342 4007 433 4070 facile
455 4006 548 4068 dilabi
569 4008 735 4087 patiantur:
757 4015 869 4080 nostro,
887 4008 938 4086 qui
958 4021 1137 4089 unoquoque

78 4104 161 4154 eurum
184 4095 348 4156 carminum
376 4094 567 4172 originem
594 4092 724 4172 aliquam
745 4093 794 4154 rel
822 4109 953 4154 numen
983 4094 1137 4158 illustrare
1201 4171 1204 4174 ι

79 4173 122 4236 sibi
141 4181 350 4260 proposuerit,
377 4181 522 4242 certiores
545 4177 617 4240 fines
640 4179 698 4240 sint
720 4179 879 4242 constituti.
922 4177 996 4241 Nam
1018 4189 1047 4242 et
1066 4196 1138 4260 prc-

78 4265 346 4344 comminuerit,
368 4284 427 4349 quo
450 4263 521 4348 quid
547 4264 746 4348 explicaturus
768 4265 807 4330 sit
827 4265 994 4346 promittat,
1019 4274 1049 4328 ct
1069 4284 1138 4346 per-

915 4372 936 4432 6
