2762 4972
432 357 520 428 Caput
539 359 585 414 Vl.-
619 358 661 413 Da
678 357 838 416 elocutit'me.¹
1096 347 1169 424 149

480 527 509 597 §-
527 535 570 584 28.
589 529 778 595 'metonymia
892 538 894 548 ·

197 637 295 720 Aliter
323 636 513 715 metonymia,
542 652 618 714 quae
641 651 705 696 curn
728 632 901 698 diuisionem
923 653 981 700 non
1005 637 1093 702 modo
1116 659 1165 704 re·

98 721 207 803 cipiat,
229 723 298 797 sed,
321 739 378 802 quo
402 721 569 784 accuratius
591 721 654 780 eiua
676 740 745 782 usus
767 732 982 802 cognoscatur,
1006 726 1093 787 etiam
1114 745 1166 790 ra·

97 811 211 888 quirat,
238 810 299 869 iam
326 810 375 870 hic
403 808 529 886 singulis
558 823 692 890 quaeque
721 807 796 868 locis
825 809 959 890 exempla
982 812 1162 890 assignanda

95 896 288 957 decrevimus.
331 895 395 956 Hac
418 903 513 955 autem
534 893 565 954 in
586 891 697 970 figura,
722 893 810 954 mtrlto
833 895 922 956 etiam
943 896 1054 975 magis,
1076 917 1162 979 quam

95 990 141 1042 est
160 982 316 1064 superior,
337 981 495 1059 Propertio
515 979 718 1058 frequentata,
747 979 930 1058 periclitatus
952 992 997 1043 est
1020 983 1073 1045 ille
1095 985 1161 1064 plu·

93 1067 184 1140 rima,
217 1084 293 1147 quae
322 1075 353 1127 ut
380 1065 551 1128 ·lelicissimi
577 1065 718 1143 cuiusque
745 1066 856 1143 ingenii
887 1066 1041 1130 audaciam
1070 1071 1160 1134 facile

92 1155 225 1215 novitate
251 1155 384 1226 vincant,
411 1152 455 1214 ita
482 1151 677 1213 recentiorum
701 1151 871 1228 linguarum
900 1155 965 1214 usui
993 1171 1083 1236 saepe
1107 1157 1159 1217 ad-

91 1247 264 1312 versantur,
292 1237 325 1299 u't
355 1254 413 1316 non
444 1237 604 1299 sententias
632 1233 684 1296 sed
716 1228 789 1315 ipsa'
809 1239 901 1299 verba
929 1239 1158 1320 interpretaturo

90 1324 314 1385 inextricabiles
334 1325 452 1403 pariant
474 1322 672 1384 difficultates.
716 1322 789 1384 Nam
812 1327 1048 1403 metonymia,
1070 1346 1156 1406 quam

92 1419 160 1490 apto
191 1411 309 1472 nomine
337 1410 581 1471 mutationem
605 1407 721 1470 Tullius
750 1409 852 1482 vertit,
880 1411 923 1470 ita
945 1429 964 1471 a
985 1415 1157 1491 metaphora

92 1495 209 1576 dillert,
237 1506 270 1557 ut
297 1513 346 1556 res
375 1495 477 1574 aliqua
495 1512 565 1556 mon
593 1510 648 1572 pro
682 1494 804 1555 simili
834 1505 976 1574 ponatur,
1012 1499 1153 1578 sed-pro
1270 1489 1271 1500 ¹

91 1589 257 1660 cognata
283 1581 394 1655 altera,
422 1581 441 1641 i.
465 1598 491 1642 e.
519 1597 577 1660 pro
604 1596 655 1651 ea,
687 1597 773 1658 quam
801 1589 851 1640 aut
879 1581 1074 1660 qualitate
1103 1594 1153 1649 out

90 1667 306 1748 quantitate
328 1703 369 1715 -
390 1667 481 1728 liceat
500 1666 576 1726 euim
596 1665 669 1725 haec
690 1667 782 1727 uerba
800 1685 818 1726 a
834 1666 1154 1748 logicae-proiessori·

88 1754 142 1814 bus
178 1753 306 1814 mutuari
332 1784 375 1794 -
404 1761 454 1814 aut
483 1751 608 1831 denique
638 1749 740 1829 aliquo
770 1751 969 1833 relatione
1000 1756 1152 1832 contingit.

87 1839 164 1900 Hinc
186 1835 353 1901 accuratius
369 1833 573 1900 delinientibus
592 1852 650 1897 non
669 1835 756 1898 modo
775 1831 968 1922 συνεκδοχὴν
989 1833 1151 1922 κατάχρη-

87 1940 138 1984 our
168 1924 333 2006 multasque
366 1913 562 2005 ὑπαλλαγῆς
594 1923 709 2002 species
737 1939 772 1984 eo
800 1924 916 1986 nomine
944 1925 1152 2004 comprehendi

86 2011 263 2091 apparebit,
293 2009 347 2072 sed
373 2010 502 2090 plurima
530 2010 617 2070 eham
644 2010 892 2070 constructionum
918 2027 1046 2088 genera,
1075 2029 1150 2092 quaa

86 2105 136 2158 aut
160 2088 245 2156 κατὰ
266 2087 395 2158 σύνεσιν
415 2095 496 2157 facta
514 2095 603 2174 vulgo
626 2095 724 2156 solent
743 2095 912 2174 perhiberi,
935 2105 985 2158 aut
1006 2115 1061 2178 per
1082 2115 1150 2175 syo-

84 2182 185 2257 taxin,
210 2201 240 2262 q.
261 2182 446 2244 d.-ornatam
467 2182 577 2261 passim
604 2192 633 2244 et
661 2181 725 2241 sinc
753 2180 856 2243 ordine
884 2183 996 2261 spargi.
1046 2181 1151 2244 Totius

86 2276 184 2330 autam
206 2267 292 2329 huius
313 2268 432 2347 generis
452 2269 539 2345 origo
562 2266 663 2328 eadem
683 2273 742 2340 est,
765 2285 842 2346 quoae
863 2268 1019 2330 uniuersae
1039 2269 1150 2348 poesis.

83 2353 169 2416 Nihil
198 2353 273 2415 enim
295 2354 372 2427 vult,
398 2353 455 2414 uisi
476 2363 509 2414 ut
534 2353 615 2414 notio
638 2353 683 2413 rei
706 2359 735 2414 et
762 2343 837 2414 ἰδέα
866 2354 953 2415 menti
985 2352 1090 2428 infixa,
1120 2363 1150 2418 et

3 2519 4 2524 ἵ
84 2457 162 2519 quae
183 2457 260 2520 pura
286 2449 320 2502 et
336 2439 454 2518 integra
480 2437 800 2516 tantumcogitatioue
827 2439 1033 2519 comprehendi
1061 2457 1150 2519 posse

3 2573 4 2588 2
82 2525 236 2588 uideatur:
257 2527 448 2587 haecoautem
468 2515 542 2585 tota
558 2533 592 2586 ut
612 2539 719 2602 corpus
739 2521 953 2603 quodammodo
975 2533 1004 2587 et
1024 2523 1150 2603 liguram

3 2623 4 2688 ᾗ
82 2619 169 2673 nacta
199 2613 334 2673 sensibus
355 2611 539 2672 subiiciatur.
579 2608 700 2688 Duplici
728 2608 759 2668 id
787 2609 873 2671 modo
899 2609 939 2672 lit.
988 2609 1147 2672 Primum

3 2691 5 2770 l
84 2699 160 2758 euim
184 2697 311 2778 qualitas
334 2705 433 2759 certae
454 2695 502 2759 uel
523 2695 570 2756 rei
590 2694 638 2758 uel
666 2711 809 2775 personae
833 2696 926 2773 magis
949 2696 1055 2758 ceteris
1076 2713 1147 2776 pro-

82 2784 165 2863 pria,
195 2783 233 2870 ab
261 2783 316 2845 illa
341 2800 375 2844 re
402 2782 450 2846 ael
476 2797 607 2864 persona
636 2780 774 2842 absoluta
799 2790 829 2842 et
858 2779 1072 2860 quodammodo
1099 2781 1147 2842 dt-

81 2869 183 2944 nulsa,
204 2869 273 2950 ipsa
292 2884 397 2930 nouam
417 2868 574 2955 personam
594 2866 638 2928 ita
659 2864 770 2938 induit,
788 2875 821 2928 ut
841 2867 922 2946 prius
945 2875 974 2928 et
995 2867 1146 2947 proprium

81 2970 205 3028 nomen,
234 2955 317 3015 cuius
341 2953 455 3016 vicibus
485 2970 561 3014 nuuc
593 2953 651 3014 hoc
678 2950 803 3013 alteram
836 2951 983 3030 iungitur,
1013 2953 1144 3031 genitivo
1178 3023 1184 3028 .

81 3054 151 3101 casu
168 3058 207 3102 ex
221 3056 258 3101 eo
273 3038 410 3122 pendeat,
424 3039 504 3102 uelut
520 3039 544 3113 1,
559 3042 609 3112 20,
625 3036 690 3102 15.:
712 3052 823 3099 error
840 3037 1016 3099 Herculia
1033 3075 1075 3088 -
1091 3038 1144 3100 lle-

80 3135 165 3188 nerat
186 3162 230 3172 —
251 3144 323 3205 pro:
345 3124 530 3187 Hercules
559 3141 712 3199 errans3
737 3121 782 3197 ll,
803 3126 854 3197 16,
876 3125 943 3186 bh:
965 3122 1142 3186 fulminis

3 3261 4 3274 2
80 3211 143 3271 ira
170 3211 269 3286 cadit;
294 3213 325 3284 Ι,
348 3214 403 3284 13,
426 3215 495 3272 23.;
522 3224 624 3271 amor
650 3207 830 3270 Herculia
858 3225 929 3288 pro:
958 3208 1142 3272 licronlea

3 3323 4 3360 3
80 3313 225 3372 amans,
254 3306 283 3359 et
312 3305 417 3359 contra
443 3295 473 3368 1,
496 3300 550 3370 26,
569 3299 617 3358 a:
644 3293 761 3356 ardor
784 3294 901 3373 Hylae
928 3310 998 3373 pro:
1024 3294 1141 3374 llylaa

3 3387 4 3418 ³
81 3392 240 3458 amatns3
261 3381 291 3456 l,
314 3386 363 3456 16,
382 3386 429 3444 2.ε
452 3379 643 3461 Tarpeiae
664 3378 859 3462 pudicitia
878 3396 949 3460 pro:
971 3379 1143 3460 Tarpeia

79 3463 252 3550 pudicas
267 3466 344 3530 adde
368 3467 417 3536 Ν,
437 3470 467 3540 7,
489 3469 540 3530 67.
583 3467 658 3527 llinc
679 3466 789 3526 iniuria
808 3465 968 3545 aliquando
987 3467 1142 3546 impugna·

79 3562 136 3612 tum
164 3551 221 3628 Ν,
243 3556 280 3629 6,
303 3557 371 3618 tm:
400 3551 706 3630 Blanditiasque
734 3550 864 3613 fluant
895 3569 950 3631 per
981 3560 1031 3613 tua
1060 3552 1141 3614 colla

80 3655 210 3710 rosae,
238 3638 259 3701 i.
279 3656 304 3699 e.
328 3655 417 3700 rosa
444 3637 584 3699 blanda
612 3637 729 3711 f.lnat;
758 3636 826 3699 item
853 3635 902 3709 Ν,
926 3640 960 3710 7,
980 3639 1012 3698 4.
1055 3639 1139 3713 ilinc,
1189 3673 1190 3678 κ

3 3747 4 3750 “
81 3723 215 3802 podiam
241 3723 476 3786 adiectiram
499 3723 535 3784 de
557 3723 703 3784 nomine
728 3721 837 3784 factum
859 3721 908 3784 uel
933 3739 1140 3802 pronomen
1242 3717 1250 3723 ’

14 3825 17 3830 ·
80 3812 346 3886 possessivum
373 3825 428 3888 pro
462 3808 592 3886 genitiuo
622 3817 684 3881 est,
711 3807 755 3882 ll,
778 3811 833 3881 28,
855 3812 923 3871 31.;
953 3810 1031 3871 iuter
1058 3808 1138 3888 Tityi

80 3895 215 3956 uolcrcres
243 3914 319 3957 mea
347 3911 474 3974 poema
502 3903 643 3972 uagetur,
673 3893 702 3954 h.
725 3909 752 3954 e.
782 3908 851 3971 ego
880 3895 1056 3974 punitus;
1084 3893 1137 3968 lll,

81 3982 230 4054 19,·15.:
259 3981 393 4060 patria
422 3996 563 4041 succensa
593 3987 750 4040 senecta
778 3995 851 4060 pro:
884 3988 996 4060 patre
1029 3997 1138 4056 sene;

3 4131 4 4136 ἵ
80 4061 108 4136 l,
127 4070 163 4139 2,
186 4069 252 4128 31.:
274 4076 404 4127 nostra
426 4068 505 4128 vita
533 4082 603 4144 pros
631 4081 715 4141 nos,
742 4062 821 4125 dum
841 4065 1010 4128 uiuimus.
1053 4063 1138 4128 Adde

3 4143 5 4248 ξ
81 4147 122 4222 11,
144 4154 201 4224 26,
225 4155 275 4214 39.
299 4157 355 4226 13,
378 4155 430 4214 22.
452 4151 481 4225 Ι,
504 4155 553 4225 17,
575 4155 624 4212 12.
648 4153 697 4224 17,
719 4153 749 4211 6.
774 4151 943 4226 11,6,22.
965 4150 1136 4225 1,18,13.

3 4253 5 4384 q
84 4238 130 4308 17,
153 4237 269 4311 lo.11,
293 4241 350 4310 16,
369 4240 437 4310 32,
464 4238 517 4298 ubi
536 4255 566 4298 u.
585 4252 704 4310 comm.;
731 4237 761 4311 1,
782 4241 819 4312 6,
839 4242 907 4298 21.;
930 4247 994 4299 tua
1019 4240 1138 4319 a‘etas,

83 4318 100 4380 i.
122 4337 149 4384 c.
170 4331 218 4399 to,
236 4323 315 4387 ista
337 4329 483 4398 aetate;
502 4322 547 4400 ll,
569 4325 626 4400 18,
646 4323 677 4391 5.
700 4325 757 4398 lo,
777 4327 824 4401 7.,
845 4332 897 4386 aut
916 4322 1011 4386 sicubi
1032 4321 1140 4402 geniti·
