2834 4972
416 1207 906 1364 Praenatro.

562 1485 766 1498 m

131 1605 282 1708 Novae
308 1639 384 1708 lruio
405 1639 488 1710 Sex.
512 1642 637 1710 Aurelii
666 1641 802 1710 editioni
827 1657 934 1728 pauca
962 1638 1104 1728 praefari
1127 1654 1190 1701 uun

46 1834 50 1844 ,
131 1761 237 1848 magis
263 1778 334 1826 mos
364 1758 505 1828 traditus
531 1779 583 1828 me
612 1763 718 1845 iubet,
746 1779 842 1848 quam
867 1760 940 1826 libri
966 1759 1071 1845 ipsius
1097 1757 1191 1821 ratio.

132 1880 246 1964 Neque
275 1882 361 1947 euim
386 1887 532 1968 tempprc
559 1888 683 1948 tantum
710 1900 828 1949 novum
857 1880 996 1968 intelligi
1027 1895 1100 1943 eum
1126 1894 1191 1940 ve-

129 1999 190 2066 lim.
234 2000 320 2070 Nam
347 2016 391 2066 ex
418 2020 481 2086 qno
509 2004 644 2088 primum
671 1999 855 2068 illustrandi
882 2005 1000 2086 poetae
1024 1997 1087 2062 mei
1109 2012 1193 2062 eon-

129 2118 235 2205 ¹silium
262 2120 320 2184 inii
345 2159 387 2172 -
413 2122 479 2188 iam
505 2122 540 2188 in
568 2141 687 2190 nonum
720 2120 807 2188 illum
832 2138 951 2186 annum
969 2093 1192 2184 -Horatianum

128 2240 232 2304 uariis
260 2238 339 2304 latis
366 2245 564 2325 protractum
589 2275 650 2326 -,
681 2238 953 2342 considerandum
980 2241 1058 2302 ante
1085 2234 1193 2298 omnia

12 2387 16 2405 ·
127 2360 235 2434 uisum
262 2364 332 2440 est,
362 2360 418 2444 qui
447 2366 541 2428 esset
570 2362 702 2450 ultimus
729 2357 1008 2446 interpretationis
1035 2353 1128 2434 linis,
1158 2361 1192 2415 ct

107 2480 180 2570 ¹eui
201 2479 287 2546 buno
308 2476 388 2544 illud
408 2480 574 2566 negotium
595 2483 829 2566 susciperetur.
872 2479 981 2564 Atque
1004 2475 1038 2540 in
1057 2463 1096 2538 eo
1118 2471 1193 2556 qui-

130 2595 202 2664 dem
231 2613 346 2664 omnes
377 2602 621 2666 consentientes
646 2599 765 2684 video,
799 2605 834 2664 ut
865 2597 1005 2680 scriptor
1033 2596 1068 2657 et
1097 2607 1193 2676 quapr

127 2715 415 2784 emendatissimus
444 2715 656 2798 exhibeatur,
685 2724 718 2783 et
747 2724 783 2784 ut
811 2719 939 2802 penitus
947 2762 957 2797 ,
984 2709 1092 2798 quoad
1121 2709 1193 2774 eius

122 2833 196 2912 ‚fieri
218 2839 345 2922 possit,
371 2835 584 2924 intelligatur.
628 2833 707 2922 Ego
727 2851 935 2919 veronaque
956 2831 1121 2917 expletum
1141 2826 1194 2892 his

128 2952 256 3022 duabus
277 2955 426 3040 partibus
447 2957 542 3020 vices
568 2957 758 3040 interpretis
780 2955 950 3034 existimo,
972 2968 1079 3035 neque
1100 2952 1194 3034 ipsas

128 3091 188 3140 eas
209 3079 326 3160 partes
347 3079 439 3140 recte
461 3093 561 3160 posse
584 3061 731 3162 eupleri‚
758 3074 825 3140 nisi
851 3070 946 3137 altior
970 3070 1068 3136 etiam
1090 3085 1196 3154 quee-

128 3193 193 3258 stin
227 3194 419 3260 accesserit.
472 3191 605 3260 Etenim
635 3211 708 3278 cum
739 3210 861 3282 magua
891 3192 1044 3279 ingenia,
1077 3187 1196 3273 quibus

127 3309 269 3380 historia
295 3313 405 3399 populi
430 3311 569 3379 alicuius
590 3312 783 3396 decoratur,
808 3330 872 3376 non
898 3315 1021 3375 temere
1046 3307 1198 3372 nesciet

130 3427 304 3512 occidere,
326 3431 388 3496 sed
409 3432 501 3498 velut
520 3434 626 3520 patrio
647 3433 771 3517 stipiti,
791 3431 826 3500 id
848 3437 901 3497 est
921 3427 1036 3516 populo
1058 3445 1118 3492 sno
1141 3426 1198 3489 vi·

126 3551 193 3614 tam
224 3554 258 3618 et
290 3550 430 3616 animum
450 3557 483 3617 et
504 3568 612 3618 mores
634 3557 668 3618 et
689 3549 834 3619 habitum
856 3550 995 3632 debere,
1015 3561 1197 3630 rursusque

126 3667 304 3766 virtutibus
330 3675 387 3735 aut
416 3672 514 3748 etiam
539 3673 632 3736 uitiis
662 3673 734 3736 suis
760 3676 795 3736 et
822 3671 949 3755 ipsum,
980 3686 1044 3753 qno
1068 3665 1195 3742 uiuunt,
1290 3665 1323 3747 j
1396 3762 1397 3781 Χ

127 3761 314 3868 saeculum,
342 3794 377 3854 et
405 3791 613 3877 insequentia
640 3789 761 3856 exinde
786 3797 933 3874 tempora
959 3788 1063 3854 variis
1090 3782 1196 3849 modis

129 3902 268 3968 allicere
296 3924 509 3976 censeamus:
536 3910 639 3994 idem,
668 3911 813 3976 fortasse
839 3912 938 3974 etiam
965 3909 1089 3974 maiore
1116 3907 1198 3983 iure,

129 4023 165 4086 in
185 4024 303 4086 artium
325 4023 571 4114 litterarumque
593 4030 742 4115 profectu
763 4027 893 4110 valere,
915 4033 950 4093 et
970 4046 1041 4092 curn
1060 4026 1094 4090 in
1114 4023 1197 4088 alios

121 4141 331 4225 scriptores,
364 4151 429 4210 tum
450 4149 484 4214 in
506 4153 623 4234 poetas
643 4147 764 4213 eadere
784 4145 999 4214 confitendum
1020 4149 1082 4209 est.
1126 4139 1198 4205 lta-

125 4275 190 4344 que
213 4261 264 4355 sic
288 4258 418 4330 demum
439 4281 572 4332 munere
593 4273 706 4336 nostro
728 4267 828 4358 digne
848 4268 1017 4335 iuncturos
1039 4277 1119 4327 esse
1135 4277 1197 4324 nos
