2806 4974
237 332 312 415 186
551 351 746 412 Quaestionum
760 351 845 409 Liber
860 351 1006 411 stennius.
1042 321 1046 330 .

167 497 169 510 Ι
234 526 342 592 Nonus
365 523 433 608 plus
458 533 546 606 quam
567 523 756 590 Homericum
783 521 888 590 auiis:
911 519 1002 610 lipia
1022 519 1124 608 βιόςῗ
1165 514 1228 592 Seri
1250 488 1308 594 evi·

234 612 351 678 dachus
375 613 462 676 etiam
482 596 543 689 hl,
566 615 618 688 17,
641 614 692 676 35.
717 630 768 692 sq:
1069 628 1075 634 ·
1304 653 1308 656 .

373 728 474 780 Vertiee
490 728 622 793 turrigero
641 728 720 780 tuoto
737 727 788 780 dec
805 743 902 796 magno
920 727 1019 795 Ophelte

405 797 504 848 Tondet
523 797 559 847 cul
576 798 672 848 Idaeos
690 797 811 864 maharu
826 814 911 850 rorico
928 799 1022 852 ultores
1039 825 1074 839 -

231 903 262 961 et
281 897 362 980 quoti
380 897 496 961 frustra
517 897 752 963 sollicitaverunt
772 899 804 975 Ι,
826 885 885 976 li),
905 901 976 964 48.:

405 1014 472 1066 Tum
488 1016 602 1067 sonitum
618 1021 699 1081 rupto
718 1031 829 1084 corpore
844 1017 907 1084 fecit
923 1017 1020 1082 Halos.

228 1120 327 1200 vitque
353 1120 428 1182 haee
455 1119 573 1200 quidem
600 1120 674 1187 :lere
701 1120 830 1197 luerint,
862 1137 940 1203 quae
967 1120 1170 1184 sanctissimas
1199 1129 1306 1203 'usque-
1399 1113 1402 1122 ’

227 1224 349 1286 quaque
373 1216 402 1269 et
424 1206 541 1270 abditas
564 1207 710 1270 orationis
737 1208 990 1289 poetieaeveluti
1014 1208 1147 1270 latebras
1168 1225 1307 1288 perscru-

228 1294 300 1354 taris
324 1293 409 1354 nohis
431 1293 543 1356 idonea
561 1295 626 1357 visa
648 1303 728 1368 suunt,
751 1295 857 1373 quihus
878 1293 1028 1373 ingenium
1045 1295 1197 1377 Propertii
1219 1305 1307 1375 atque

226 1397 280 1440 ars
309 1380 413 1460 paullo
440 1382 625 1457 accuratius,
654 1398 741 1468 quam
763 1379 858 1441 adhuc
880 1380 990 1442 laetum
1013 1390 1072 1455 est,
1098 1383 1193 1462 possit
1215 1381 1305 1442 aesti—
1353 1428 1355 1442 ,
1400 1436 1401 1466 3

224 1466 314 1527 muri.
358 1466 477 1541 Restat,
499 1466 579 1546 quod
602 1468 690 1529 etiarn
710 1467 747 1527 ab
770 1466 824 1542 iis,
848 1467 899 1547 qui
920 1483 1077 1548 operosam
1098 1466 1202 1530 hercle
1223 1468 1306 1529 illam
1400 1536 1401 1544 ἵ

194 1603 198 1608 ,
226 1561 260 1613 et
292 1569 349 1613 uon
382 1569 453 1614 raro
487 1555 637 1635 spinosam
671 1553 929 1631 investigationem
957 1571 1029 1618 vero
1060 1563 1170 1635 poetae
1205 1555 1304 1616 studio
1400 1615 1401 1630 ,

223 1636 308 1700 ducti
327 1640 480 1700 nobiseum
499 1643 645 1702 sustinere
665 1657 724 1700 non
744 1641 833 1701 veriti
854 1649 936 1716 sunt,
956 1639 1123 1701 iamdudum
1144 1640 1307 1720 efflagitari
1400 1647 1401 1674 1

225 1725 380 1804 intelligo,
410 1735 441 1787 ut
468 1725 586 1787 taudem
614 1725 652 1786 ad
684 1723 847 1788 studiorum
875 1727 939 1788 eius
970 1726 1106 1789 subsidia
1135 1735 1164 1788 et
1192 1728 1305 1790 instru-
1400 1725 1402 1770 i

225 1821 325 1873 meula
357 1813 580 1893 perveniamus,
616 1813 723 1892 quihus
754 1811 906 1890 ingenium
936 1811 1046 1876 aluerit
1080 1821 1236 1895 artemque
1264 1811 1305 1874 ad
1400 1863 1401 1874 .

224 1897 301 1958 illud
330 1898 480 1976 fastigium
503 1898 630 1960 duxerit.
674 1899 749 1961 Nam
772 1915 835 1960 eum
860 1898 897 1961 de
921 1899 1045 1979 reliquis
1066 1901 1130 1962 eius
1151 1901 1232 1962 vitae
1254 1918 1305 1961 ra·

225 1984 355 2046 tionibus
376 1985 472 2065 primo
491 1985 551 2045 iem
571 1983 651 2045 lihro
673 1985 830 2063 egerimus,
850 1993 1004 2066 poetarum
1024 1985 1305 2062 Alexandrinorum,
1400 1999 1401 2018 l

223 2087 348 2149 quorum
370 2071 503 2130 ear-mina
524 2089 582 2132 non
604 2070 692 2132 modo
714 2073 879 2152 probasse,
901 2071 955 2132 sed
978 2072 1151 2135 admiratum
1177 2091 1211 2134 se
1237 2091 1305 2134 esse

223 2165 313 2235 atque
341 2159 523 2237 expressisse
551 2158 639 2219 etiarn
667 2159 733 2239 ipse
758 2160 847 2222 toties
875 2157 1049 2241 profitetur,
1076 2161 1107 2222 in
1129 2168 1305 2223 transcursu

223 2243 319 2304 sulum
343 2245 520 2306 mentionem
541 2243 676 2334 fecimus.
703 2317 708 2328 ,
1118 2303 1131 2362 ,χ

578 2482 789 2572 eropus
827 2463 948 2556 vn.
1029 2495 1033 2500 ¹

353 2620 399 2671 De
419 2619 625 2672 inritatiooe
644 2626 830 2684 poetarum
850 2619 1174 2675 Aieaocrirt'oorum.

218 2755 275 2824 (Cf.
294 2757 501 2812 Observationes
524 2759 551 2811 in
577 2760 680 2828 aliquot
704 2761 769 2817 Sex.
793 2757 895 2813 Aurelii
917 2759 1052 2828 Propertii
1081 2761 1171 2828 locos,
1198 2757 1301 2828 quihus

241 2827 447 2880 -Callinraehuvn
471 2836 498 2880 et
517 2830 647 2882 Philotam
667 2829 799 2882 imitatum
818 2846 847 2882 se
864 2845 925 2882 esso
942 2830 1091 2898 profitetur.
1115 2829 1302 2882 Halherstadii
1373 2851 1376 2862 ·

252 2901 330 2953 1836.
348 2901 375 2954 4.
401 2898 565 2966 scholasticis
582 2899 681 2951 libellis
700 2899 883 2970 praeniissas.)

320 3024 416 3103 Atque
444 3023 570 3102 primum
600 3021 717 3103 quidem
740 3023 797 3084 hoo
819 3021 964 3084 neminem
989 3017 1202 3086 admiraturum
1230 3037 1300 3084 esse

218 3106 327 3184 eredo,
361 3107 630 3170 Alexandrinorum
663 3117 818 3190 poetarum
854 3107 1051 3189 exemplaria,
1086 3127 1164 3188 quae
1198 3107 1300 3170 libera
1399 3123 1400 3186 p

215 3195 373 3274 republica
396 3213 415 3255 a
433 3194 575 3258 Romanis
598 3195 650 3256 diu
671 3196 747 3256 adeo
770 3193 911 3277 despecta
932 3195 1108 3270 incurissent,
1131 3202 1164 3257 ut
1185 3193 1297 3256 Gieero

216 3282 305 3342 etiam
328 3279 594 3362 Euphorionis
622 3291 820 3344 cantorum
843 3279 948 3361 (Tusc.
968 3280 1027 3354 lll,
1053 3284 1120 3356 19„
1141 3297 1227 3361 quem
1250 3279 1300 3343 lo-

215 3383 281 3428 cum
309 3367 393 3428 varie
421 3365 609 3448 interpretati
638 3377 705 3430 sunt
726 3365 914 3430 Weichertus
937 3366 974 3429 ule
996 3367 1114 3430 Horatii
1145 3368 1299 3430 obtrecta-
1399 3425 1400 3436 ,

184 3453 329 3513 xtoribus
359 3451 386 3536 §.
408 3455 439 3516 3.
476 3453 573 3516 Poett.
600 3453 680 3516 Latt.
707 3453 775 3515 rell.
802 3471 832 3534 p.
861 3456 934 3517 288.
972 3453 1085 3516 Obbar.
1113 3453 1144 3514 in
1172 3453 1297 3516 Annali.

213 3537 299 3600 lahn.
318 3537 370 3624 lll.
391 3555 420 3619 p.
440 3540 492 3602 95.
536 3540 670 3602 Meineh.
691 3541 723 3602 in
743 3539 875 3621 Euphor.
896 3538 1031 3602 Glaleid.
1051 3540 1103 3602 vit.
1128 3548 1157 3602 et
1177 3540 1295 3619 scripti.

213 3643 244 3706 p.
264 3629 314 3687 33.
336 3643 400 3706 sqq.
424 3635 454 3688 et
474 3643 577 3686 rursus
598 3627 758 3691 Weiehert.
781 3627 818 3689 de
838 3627 956 3688 Licinio
977 3626 1070 3688 Calvo
1093 3625 1120 3708 §-
1137 3629 1167 3689 8.
1189 3643 1219 3706 p.
1240 3628 1296 3690 28.
1398 3655 1399 3695 v

215 3720 245 3772 et
276 3712 388 3774 Ohhar.
417 3713 448 3773 in
471 3711 590 3774 Anncll.
618 3713 689 3775 Lilt.
718 3712 851 3798 Berolin.
882 3732 910 3776 a.
934 3715 1028 3775 1834.
1059 3711 1142 3792 Sept.
1165 3730 1193 3792 p.
1219 3715 1294 3775 114.
1398 3713 1399 3718 ’

214 3795 260 3860 Gf.
277 3796 409 3860 Paldam.
424 3798 460 3860 de
473 3798 603 3860 Erotieis
617 3800 825 3862 Romanorum.
845 3798 1010 3880 Gryphisvv.
1026 3799 1133 3877 1833.)
1150 3798 1295 3859 iudicium
1398 3855 1399 3876 ἶ

214 3893 362 3962 tamquam
387 3883 572 3963 quorundam
595 3885 828 3948 effeminatorum
855 3887 922 3948 iure
951 3886 1009 3946 silvi
1037 3894 1225 3948 contemnere
1248 3885 1294 3948 ri·
1398 3897 1399 3926 l

212 3968 348 4044 deretur,
370 3980 430 4032 tum
450 3987 514 4032 eum
534 3973 667 4051 Augusto
689 3973 825 4054 principe
846 3972 876 4032 in
897 3990 984 4033 uuum
1007 3969 1155 4032 dominum
1177 3988 1291 4032 summa

211 4073 311 4117 rerum
336 4058 491 4130 vertisset,
520 4059 606 4121 uniea
631 4060 729 4140 expeti
753 4067 783 4121 et
809 4057 940 4120 lectitari
965 4067 1073 4137 coepta
1095 4075 1173 4120 esse.
1215 4058 1292 4120 Num

211 4141 323 4203 similes
348 4141 428 4204 vitae
450 4142 636 4208 conditiones
664 4145 774 4207 similia
800 4161 963 4226 procreare
986 4145 1151 4206 studiorum
1166 4160 1291 4223 genera

211 4238 440 4291 consentaneum
463 4240 516 4293 est.
560 4231 652 4313 Atqui
672 4233 768 4313 primo
792 4230 911 4312 quidem
932 4240 1056 4312 aspectu
1078 4247 1138 4292 non
1162 4230 1207 4294 ita
1229 4228 1290 4291 dis-

210 4313 322 4378 similes
350 4323 410 4380 tum
438 4334 487 4382 res
508 4317 662 4384 Romanae
683 4315 828 4388 tvitlentur
856 4317 950 4384 luisse
977 4315 1189 4382 herennius
1216 4324 1289 4380 teru-
