2834 4972
132 315 219 388 Caput
228 315 283 370 lll.
301 313 441 382 ingenium
450 313 584 383 Propertii
595 331 655 370 eum
668 317 831 388 reliquorum
843 322 932 391 elegg,
944 323 1079 380 collatum.
1111 305 1164 386 59

96 486 163 568 gida
184 485 228 567 (n.
250 483 314 564 3.),
343 493 450 568 aperta
469 485 560 550 limae
579 488 710 564 ineurla,
737 490 821 554 cuius
840 491 976 558 laborem
997 493 1111 578 fugisse
1130 513 1165 561 se

98 577 157 657 ipse
179 590 239 636 non
260 580 361 653 negot.
402 571 451 638 Ex
468 572 565 638 Ponto
585 571 616 650 l,
637 576 676 652 b,
694 576 764 640 hee
1104 586 1107 596 ‘

289 705 363 771 Quod
378 707 448 759 uenit
464 721 499 759 me
516 707 607 776 facili,
627 709 697 761 satie
713 715 753 761 ert
770 723 922 776 componere
937 709 1025 782 uubis,

316 777 351 827 lit
368 777 447 828 nimis
464 776 557 829 intenti
573 791 657 828 causo
673 776 774 830 loboris
792 777 873 836 obest.

197 915 312 982 Gontra
331 916 429 981 rarius
456 915 489 980 id
510 934 623 998 genus,
650 915 730 998 quod
757 935 829 984 uere
854 919 1002 1000 poeticum
1023 927 1084 997 est,
1107 938 1169 987 me·

100 1005 228 1084 touymia
256 1012 286 1067 et
314 1005 503 1086 metaphora,
533 1005 565 1067 in
594 1005 700 1084 quibus
730 1004 789 1066 uisi
818 1003 958 1085 uulgaria
985 1008 1171 1084 nonhabet,

101 1107 196 1172 eaque
218 1105 316 1172 pauca
342 1099 371 1153 et
396 1090 445 1152 hie
465 1089 530 1154 illio
555 1088 709 1172 dissipata.
752 1089 827 1153 Nam
846 1093 879 1154 in
900 1093 1171 1173 comparationibus

100 1194 219 1260 quoquo
246 1173 350 1258 putide
380 1176 500 1255 singula
527 1174 674 1240 interdum
699 1184 787 1256 urget
815 1184 845 1240 et
870 1175 910 1240 ad
936 1179 1032 1242 uiuum
1061 1179 1172 1243 similia

102 1259 317 1346 quodammodo
338 1271 457 1326 resecat
478 1259 520 1341 (n.
536 1260 595 1343 5.).
636 1261 801 1343 allegoriis
821 1279 877 1343 per
898 1279 931 1326 se
950 1281 1054 1344 parum
1074 1266 1172 1346 poeti-

23 1355 24 1362 ’
101 1351 143 1413 cis
163 1349 250 1410 nimis
270 1347 376 1411 lubens
396 1349 490 1412 utitur
510 1345 624 1429 (ibid).
667 1349 731 1414 Nee
755 1364 829 1412 uero
854 1348 886 1411 iu
910 1348 1084 1431 exponendo
1109 1369 1172 1414 mo·

102 1435 168 1500 dum
193 1433 326 1498 inuenire
351 1442 452 1518 potest
481 1441 511 1498 et
536 1451 631 1514 usque
660 1432 700 1497 ad
724 1432 854 1498 taedium
880 1434 1021 1514 garrulus
1050 1436 1093 1511 (n.
1115 1441 1174 1515 6.),

102 1521 278 1604 praesertim
303 1519 335 1582 iu
362 1520 488 1584 moleste
515 1520 659 1584 malorum
688 1537 808 1584 suorum
833 1521 1027 1600 repetitione,
1057 1541 1116 1603 qua
1141 1524 1175 1586 in

104 1605 246 1670 tristium
272 1604 360 1668 libris
386 1607 432 1670 ita
459 1623 547 1669 aures
576 1604 728 1682 obtundit,
759 1614 792 1669 ut
820 1607 911 1669 exilio
937 1607 995 1671 isto
1021 1607 1101 1671 uires
1128 1609 1177 1671 in-

104 1693 184 1773 genii
204 1709 276 1757 tere
303 1691 451 1755 infractae
473 1690 641 1756 uideantur.
684 1690 772 1770 Quod
798 1691 857 1773 ipsi
886 1693 944 1756 iam
972 1693 1035 1756 eius
1061 1712 1176 1776 aequa·

103 1779 145 1842 les
166 1784 325 1842 senserunt
346 1777 446 1851 (Pout.
464 1777 523 1854 lll,
543 1782 580 1854 9,
604 1779 667 1856 h),
695 1794 820 1859 quamn
840 1778 881 1841 ab·
901 1779 1090 1842 accusatione
1114 1797 1175 1843 uon

105 1873 187 1928 recte
206 1881 239 1926 se
254 1862 398 1928 defendit.
440 1862 516 1926 Nam
534 1865 561 1927 si
580 1862 651 1927 litus
672 1863 768 1945 ipsum
782 1863 931 1932 desertum
953 1873 983 1928 et
1001 1867 1063 1930 uita
1082 1865 1176 1929 taedii

104 1950 193 2033 plene
212 1949 285 2026 luit,
310 1951 387 2012 bana
407 1949 558 2014 tristitiam
580 1958 610 2012 et
630 1951 687 2013 hoe
709 1947 840 2014 taedium
858 1950 993 2014 uersibus
1013 1950 1177 2028 includere,

106 2046 137 2100 ut
153 2037 187 2098 bi
208 2035 268 2117 ipsi
286 2036 365 2101 tristi
385 2044 469 2101 terra
485 2036 633 2098 tristiores
649 2035 830 2112 uiderentur,
847 2036 932 2100 nefas
949 2045 1023 2100 erat.
1067 2037 1177 2114 Quam·

106 2140 192 2206 quant
217 2121 301 2184 illua
323 2122 466 2204 imprimis
488 2122 571 2184 exilii
593 2131 703 2186 sortem
724 2123 826 2203 inique
845 2121 928 2185 ferre
949 2132 1178 2187 cousentaneum

107 2216 186 2283 erat,
209 2208 261 2289 qui
284 2208 345 2283 ita,
372 2209 399 2269 si
425 2207 503 2271 ullus
524 2207 691 2285 Romanus,
720 2226 792 2270 suae
816 2208 924 2272 aetatis
946 2209 1050 2290 suique
1074 2209 1179 2290 populi

106 2311 209 2357 amore
238 2301 400 2375 oucuupatus
429 2302 510 2368 erat,
539 2302 572 2356 ut
598 2311 673 2374 prae
697 2293 760 2356 illis
783 2295 883 2358 omnia
909 2303 1032 2359 externa
1054 2296 1179 2360 sordere

106 2379 277 2445 uiderentur
299 2378 342 2458 (n.
360 2378 424 2460 8.),
447 2397 543 2460 neque
563 2383 669 2462 priora
691 2380 814 2443 saecula
836 2398 891 2444 suo
909 2379 1029 2444 modulo
1052 2390 1081 2444 et
1100 2380 1181 2463 pede

107 2465 207 2528 metiri
227 2473 364 2546 'unquam
392 2464 555 2529 didicisset.
574 2505 576 2509 ν
597 2466 673 2528 llino
701 2467 732 2529 in
759 2475 804 2530 tot
828 2467 964 2530 uersibus
986 2465 1106 2531 exilium
1127 2467 1181 2530 de-

106 2546 296 2635 plorantibus
325 2567 423 2616 mones
452 2551 649 2615 barbarorum
678 2553 727 2615 uix
759 2550 874 2615 duobus
904 2553 1039 2617 uersibus
1070 2551 1183 2617 descri-

108 2639 236 2716 buntur,
262 2653 318 2699 neo
339 2637 398 2699 uisi
422 2638 547 2702 martimo
568 2636 673 2719 populi
699 2639 814 2703 externi
836 2647 1012 2720 contemptu.
1055 2639 1100 2703 Ne
1122 2657 1183 2702 uua

111 2722 230 2805 quidem
250 2723 332 2786 uitae
353 2722 435 2785 illius
455 2722 582 2806 propria
602 2742 657 2785 sua
679 2741 783 2786 norma
803 2724 960 2788 demessae
984 2724 1183 2804 imaguncula.

111 2811 226 2873 Contra
246 2809 508 2872 remotissimorum
529 2818 708 2891 temporum,
729 2810 870 2887 heroum,
891 2809 1013 2873 deorum
1033 2810 1115 2873 laeta
1136 2811 1184 2873 sui
1307 2871 1308 2874 ,

111 2896 226 2959 saeculi
248 2894 464 2976 quodammodo
487 2895 639 2958 coloribus
661 2896 769 2960 oblinit
789 2904 818 2959 et
839 2895 1005 2972 adulterat3
1032 2896 1115 2958 ouius
1136 2897 1185 2959 rei

111 2991 183 3064 quot
206 2980 362 3057 heroides,
382 2990 427 3045 tot
445 2983 624 3046 testimonia.
666 2982 742 3046 llinc
757 2982 897 3064 Olympus
908 2982 1061 3046 Romanae
1081 2983 1185 3045 curiae
1298 2992 1300 2997 '

112 3067 234 3142 similis,
261 3076 294 3129 ut
322 3069 398 3132 Met.
418 3067 449 3142 l,
473 3069 563 3143 244„
594 3063 652 3130 ubi
678 3067 819 3150 pedarios
849 3076 1002 3132 senatores
1036 3068 1186 3148 intellige,
1215 3139 1217 3142 ,

114 3155 166 3235 qui
193 3162 318 3234 „partes
347 3153 516 3216 assensibus
539 3154 686 3234 implent“
714 3162 744 3219 et
766 3155 910 3218 urbanum
930 3155 1008 3216 inter
1029 3155 1134 3218 Musas
1158 3161 1188 3218 et

113 3239 282 3304 Mineruam
299 3255 462 3301 sermonem
475 3241 549 3304 Met.
561 3240 597 3314 v,
613 3243 686 3304 333.
705 3242 831 3326 Augusti
850 3241 921 3305 aula
937 3239 1069 3319 dignum.
1111 3241 1188 3304 ilino

116 3342 235 3406 quoque
258 3314 506 3409 ἆναχρονισμοί.
547 3326 624 3388 Hinc
646 3326 721 3390 leuis
743 3327 807 3390 eius
828 3329 942 3390 animus
968 3327 999 3387 in
1019 3324 1189 3388 fabularum

115 3421 248 3475 ueterum
280 3428 354 3486 usu,
387 3428 512 3492 quarum
547 3410 712 3475 doctrinam
743 3411 830 3476 modo
861 3429 917 3494 pro
951 3411 1049 3475 lubitu
1064 3420 1067 3424 ’
1080 3412 1192 3490 uariat,

117 3496 205 3559 modo
238 3495 368 3576 spernit,
400 3494 489 3559 modo
525 3487 594 3580 ὅλῳ
624 3495 671 3579 cpi
701 3489 842 3582 θυλάκῳ
877 3496 961 3561 serit.
1008 3495 1123 3561 Eadem
1157 3498 1192 3560 in
1304 3552 1307 3559 ,

117 3581 282 3654 tractandis
305 3581 507 3662 astrologiae,
536 3583 742 3664 geographiae
765 3592 795 3646 et
818 3583 964 3648 historiae
984 3582 1062 3646 locis
1085 3583 1192 3648 leuitas

119 3669 205 3742 (ibid.
228 3687 256 3729 u.
281 3671 330 3732 10.
353 3671 444 3748 spo).
487 3667 685 3747 Cogitationis
715 3679 813 3734 autem
834 3669 983 3734 subtilitas
1010 3676 1040 3733 et
1069 3687 1193 3734 acumen

118 3755 283 3834 improbum
305 3755 438 3835 apertius
464 3763 574 3836 poetae
599 3764 702 3830 nocet,
729 3757 783 3820 ubi
812 3754 851 3819 de
876 3755 1045 3820 fabularum
1065 3757 1193 3822 ueritate

119 3840 186 3921 ipso
215 3838 340 3902 dubitat.
382 3839 457 3902 Natu
487 3840 617 3903 ieiunius·
645 3842 724 3905 ratio
752 3843 872 3905 inuenta
891 3849 1062 3923 poetarum,
1093 3840 1195 3905 diuinis

99 3935 211 4007 ‘atque
227 3925 264 3986 ob
285 3925 316 3986 id
336 3925 432 4008 ipsum
450 3943 531 4002 uera,
549 3934 601 3988 aut
619 3936 712 4008 negat
733 3945 800 3990 esse
817 3946 919 4004 uera,
942 3927 1086 4008 quianon
1105 3945 1196 3991 tere

122 4011 182 4073 sint
210 4027 265 4072 nee
295 4012 429 4073 sensibus
457 4010 680 4091 intelliguntur,
706 4021 758 4076 aut
785 4013 887 4095 putide
910 4012 1041 4092 diligens
1066 4014 1196 4078 bumana

22 4133 23 4138 ι
117 4113 204 4159 more
225 4095 384 4159 declarare
403 4094 510 4160 studet.
553 4099 638 4175 Quae
659 4101 829 4163 necessario
847 4098 975 4180 quodam
996 4116 1076 4163 nexu
1096 4099 1199 4162 iuncta

120 4191 230 4264 poetae
259 4181 376 4262 quidem
406 4181 515 4246 debent
540 4183 656 4263 uideri,
683 4193 716 4248 ut
739 4185 863 4250 fortuito
886 4192 1050 4251 casanata
1071 4201 1199 4248 comme·

116 4277 220 4332 morat
247 4278 279 4332 et
306 4268 457 4332 mirabiba
482 4267 630 4334 interdum
656 4271 723 4354 ipse
751 4280 873 4338 excusat
900 4273 937 4355 (l.
955 4270 990 4335 =·l.·
1004 4289 1034 4354 p.
1056 4273 1114 4352 9.).
1157 4271 1199 4337 At
