2834 4972
231 352 280 431 12
561 361 752 444 Quaestlcuum
769 362 837 418 libor
854 359 965 433 primus.

126 595 130 603 .
231 549 262 604 et
290 539 430 604 Umbriae
458 537 638 604 familiarum
667 537 931 616 (florentibus.
960 538 1178 620 becilini),
1206 559 1306 623 quem·

227 625 336 691 librum
364 628 395 689 iu
426 625 568 690 ditissimo
596 625 760 690 litterarum
789 642 867 706 penu
896 625 1079 704 Guttlugeusi
1112 625 1293 691 asservatum

229 712 337 778 (idcir.
347 711 495 776 Millerus
512 713 582 774 mihi
602 710 742 774 indicarit
755 709 808 788 (de
822 709 954 772 Etruscis
969 711 991 782 l,
1004 729 1033 791 p.
1047 713 1146 794 419.)‚
1168 715 1293 778 Schnei-

227 796 359 862 dewiuus
380 799 585 861 humanissime
607 815 674 860 mea
694 814 785 858 causa
807 797 942 871 contulit,
964 796 1115 860 duodecim
1136 801 1292 864 uniuersos

224 883 343 965 lapides
366 887 457 960 eruit,
477 883 699 965 Propertiorum
723 883 841 946 nemina
862 883 893 944 iu
914 883 1013 945 fronte
1038 894 1185 962 gerentes.
1229 885 1291 948 Sed

226 973 365 1052 queniam
394 981 423 1034 et
448 971 565 1032 omnino
594 969 631 1030 ab
658 967 800 1030 italorum
826 967 956 1029 fallaciis
978 983 1124 1048 nunquam
1146 972 1218 1034 satis
1240 989 1292 1034 ca-

225 1059 291 1122 ueri
320 1073 409 1138 posse
436 1056 586 1130 existimo,
616 1061 644 1115 et
670 1053 892 1134 inscriptionum
919 1053 1208 1119 Gannurriniaunrum
1236 1074 1293 1119 uo·

224 1144 359 1208 tissimus
382 1139 455 1204 duas
478 1139 682 1224 supposititias
704 1157 769 1202 esse
790 1156 846 1220 pra
868 1149 1017 1220 comperto
1039 1141 1151 1218 labec,
1171 1143 1216 1205 ita
1236 1160 1290 1205 eos
1345 1199 1347 1204 ,

223 1229 274 1292 bic
308 1227 524 1292 transscribere
556 1226 731 1291 tutissimum
766 1223 852 1301 duxi,
884 1234 917 1290 ut
945 1225 1131 1290 doctioribus
1161 1227 1292 1292 liberum

223 1322 304 1379 esset
324 1313 473 1376 iudicium.
825 1347 830 1354 -

223 1405 255 1467 1.
277 1417 456 1468 naornrtrr.
479 1416 511 1462 u.
529 1415 560 1464 a.
706 1398 740 1460 2.
760 1412 791 1460 u.
813 1395 1030 1461 rao-rannus:
1053 1415 1085 1462 r.
1105 1416 1137 1462 a.

266 1503 566 1552 massmannum.
812 1563 813 1570 p
853 1499 990 1546 nunnus.

222 1575 254 1640 3.
271 1589 305 1636 ιιι.
324 1586 538 1636 raoruarnus.
555 1573 568 1646 ll
580 1583 745 1632 arceamus
760 1563 773 1643 ll
789 1585 935 1630 munnam
952 1568 965 1644 ΙΙ
981 1586 1013 1629 u.
1036 1585 1068 1630 o.

221 1663 254 1723 4.
277 1659 410 1739 sequitur
429 1656 584 1738 inscriptio
607 1654 812 1718 obduratorio
838 1673 929 1736 snpra
954 1653 1066 1729 relata,
1094 1653 1198 1718 crdiuc
1219 1673 1293 1718 uer-

221 1745 328 1809 borum
350 1753 380 1808 et
398 1743 507 1807 litteris
527 1738 691 1824 paullulum
712 1740 879 1804 immutatis.

221 1830 255 1896 5.
278 1849 310 1894 u.
332 1845 534 1894 ascensurus
551 1828 564 1901 ll
579 1844 610 1888 a.
634 1843 769 1890 caurus.
818 1830 850 1891 6.
868 1841 1047 1889 acernam.
1070 1841 1101 1886 n.
1123 1843 1190 1890 sax.
1212 1845 1242 1888 ι..
1257 1826 1272 1900 ΙΙ

222 1932 363 1980 unauna.
417 1917 449 1979 7.
470 1930 683 1977 rncrnunnrs.
708 1929 949 1976 mersurus.
1001 1914 1033 1978 8.
1054 1927 1230 1974 amonemur.
1254 1931 1288 1975 r.

221 2019 306 2070 mr..
329 2018 397 2068 sax.
417 2018 495 2065 una.
537 2001 569 2064 9.
590 2015 617 2062 c.
640 2015 853 2060 rnonnnnrus.
877 2015 904 2062 c.
926 2015 956 2061 r.
1259 2021 1266 2028 ·

433 2089 499 2153 (10.
534 2099 881 2148 ....non1.cuusur.nm
890 2126 982 2148 ......

522 2187 566 2234 su
590 2186 718 2236 amnuo
741 2185 909 2233 aruncum
915 2211 993 2234 .....

456 2271 543 2323 otto.
566 2273 594 2322 u.
616 2272 818 2319 rauranum.
842 2273 945 2320 cnus1c
958 2300 1061 2322 ......

565 2357 713 2408 amemus
737 2357 817 2404 aaut
825 2385 937 2406 .......

666 2444 772 2491 urm...
799 2445 843 2491 nr
1298 2496 1301 2501 ,

219 2513 274 2580 11.
304 2528 401 2575 umor.
427 2529 471 2576 aa
497 2528 558 2574 aar.
605 2511 688 2576 lianc
714 2521 830 2576 statuae
859 2511 1034 2595 insculptam
1059 2509 1153 2576 fuisse
1175 2510 1210 2579 G.
1232 2513 1291 2591 ait,

219 2599 305 2664 cuins
332 2598 528 2678 fragmentum
553 2596 679 2679 pedibus
708 2597 782 2663 solis
809 2601 935 2664 seruatis
962 2597 1102 2664 intono
1124 2599 1291 2681 Gaugalio-

217 2703 283 2751 rum
303 2684 395 2746 Asisii
417 2685 456 2746 sit
475 2692 635 2766 repertum.

218 2775 505 2836 12.nno.n.rs1.
547 2769 601 2834 llis
628 2787 746 2851 quoque
772 2770 850 2834 notis
877 2778 993 2834 statuae
1019 2769 1214 2848 fragmentum
1239 2771 1289 2835 iu-

216 2857 360 2936 scriptum
381 2854 504 2931 dicitur,
525 2855 606 2936 quud
627 2873 704 2918 anuo
726 2857 826 2933 1500,
852 2875 939 2938 quum
963 2855 1163 2937 aquaeductus
1185 2875 1287 2920 nesar-

217 2942 367 3018 cirentur,
388 2943 470 3006 eirea
490 2942 606 3004 moenia
626 2951 730 3006 uetera
748 2942 840 3006 Asisii
861 2943 900 3006 sit
924 2941 1077 3005 detectum.
1120 2942 1202 3005 llaec
1225 2943 1287 3005 Ga-

217 3029 376 3092 murriuns.
418 3028 465 3092 lle
487 3027 570 3090 cuius
591 3029 769 3091 auctoritate
789 3027 875 3090 nubis
896 3044 1013 3108 quoqne
1033 3027 1101 3108 plus
1121 3046 1209 3108 quam
1230 3027 1287 3092 du-

215 3112 270 3179 bia
289 3111 431 3195 quidquid
452 3114 553 3189 sentis,
575 3112 699 3194 reliquis
720 3121 817 3175 tanen
836 3113 1010 3176 testimoniis
1029 3115 1073 3176 ita
1094 3113 1290 3194 acquiescens·-

216 3198 285 3262 dun
307 3208 395 3280 putu,
424 3207 471 3274 ut,
501 3197 594 3262 donec
622 3199 802 3263 contrarium
823 3199 908 3273 auris
929 3199 1108 3283 argumentis
1130 3199 1289 3284 probetur,

215 3286 392 3356 dsisiuas
412 3283 586 3368 Propertius
606 3284 762 3350 babeatur.

541 3499 543 3503 ’
608 3525 897 3614 capntlm

492 3660 1007 3734 connumeraverunt

319 3794 441 3861 Gentem
458 3799 654 3866 Aureliam
674 3801 797 3878 Romae,
815 3803 948 3884 quamuis
969 3799 1117 3883 plebeiam
1138 3800 1286 3884 antiquis-

216 3879 319 3946 simam
339 3891 436 3946 tanen
455 3893 485 3948 et
513 3904 550 3949 ex
570 3888 689 3951 Sabinis
716 3888 886 3963 oriundam,
906 3884 1101 3952 Aureliam
1122 3888 1286 3970 antiquitus

217 3966 326 4031 dictam
354 3987 374 4031 a
395 3968 468 4032 Sole
497 3988 579 4050 esse,
607 3973 687 4054 quud
714 3976 743 4037 ei
768 3992 787 4036 a
808 3975 843 4037 Ρ.
862 3973 899 4038 tt.
920 3973 1005 4036 locus
1034 3973 1171 4054 publicus
1197 3973 1285 4036 datus

217 4057 312 4132 essct,
332 4054 363 4116 iu
382 4073 440 4136 quc
463 4056 544 4121 Salis
566 4076 654 4122 sacra
674 4059 824 4138 iacerent,
845 4058 951 4122 Festus
970 4067 995 4122 l.
1012 4078 1041 4123 ι.
1061 4057 1161 4124 tradit.

316 4155 505 4236 Aurelius,
526 4161 633 4241 quibus
650 4162 735 4226 uaria
751 4161 927 4243 praesertim
942 4161 996 4224 sub
1015 4159 1199 4242 principibus
1218 4156 1288 4222 fue-

213 4250 282 4307 ruat
300 4243 478 4323 cognomina
496 4245 548 4321 (cf.
562 4248 724 4330 Glandcrp.
739 4249 888 4312 onomast.
904 4265 935 4328 p.
951 4249 1022 4310 140.
1041 4246 1125 4310 Fulu.
1141 4243 1239 4308 Ursin.
1256 4252 1286 4308 et

213 4331 322 4393 anton.
341 4329 498 4410 Angustia.
518 4333 551 4396 in
576 4333 683 4400 Graes.
706 4331 853 4398 lberam.
872 4343 940 4398 tum.
959 4329 1055 4410 llll),
1081 4331 1206 4394 ducente
1234 4347 1286 4394 re-
