2834 4972
204 959 546 1068 Quaestionum
585 956 1009 1076 Propertiananun

376 1177 532 1242 Liber
573 1177 832 1245 secundus

494 1357 699 1372 m

456 1516 667 1626 vaput
706 1517 747 1590 l.

502 1664 704 1730 Prooemium.

319 1817 366 1869 De
395 1817 514 1872 concis
544 1819 674 1886 aleppiae
695 1820 878 1899 Romanoa.

170 1941 461 2054 Quemadmodum
475 1978 554 2041 Urbs
572 1985 696 2042 aeterna
710 1978 841 2043 aMarte
855 1978 1003 2060 originem
1016 1977 1138 2048 duxisse
1234 2025 1240 2039 .

90 2077 135 2122 non
152 2063 211 2128 sine
231 2064 350 2128 ratione
370 2065 449 2127 iusta
475 2063 621 2142 traditur,
645 2065 691 2129 ita
713 2063 832 2127 Romuli
857 2083 930 2146 gens
956 2066 1045 2131 ferox
1071 2085 1138 2133 cum

88 2147 142 2209 iude
159 2169 179 2212 a
197 2150 288 2233 lupae
309 2151 449 2213 uberibus
469 2150 501 2212 id
524 2150 618 2213 solum
638 2145 774 2227 curaret,
797 2159 830 2214 ut
853 2161 905 2216 aut
924 2151 1043 2236 imperii
1062 2153 1137 2216 duca

88 2246 261 2316 propagaret,
284 2236 446 2318 populique
469 2238 651 2300 maiestatem
673 2234 753 2319 apud
773 2246 910 2302 externos
931 2247 1067 2320 augeret,
1085 2249 1139 2306 aut

88 2322 275 2402 rempublicam
297 2322 414 2402 legibus
441 2321 589 2399 firmaret,
614 2323 690 2385 nihil
717 2321 799 2384 alind
827 2323 987 2404 prouidere
1007 2342 1063 2388 nec
1082 2343 1138 2390 ro-

87 2404 129 2468 luit
146 2426 196 2471 nec
216 2409 331 2491 potnit,
353 2409 410 2471 nisi
431 2418 464 2472 ut
485 2409 591 2473 ciuium
612 2409 726 2472 animos
746 2408 795 2472 uel
817 2408 986 2474 mouendus
1008 2411 1137 2492 publicis

87 2490 305 2558 administrandis
321 2495 370 2560 nel
391 2496 481 2558 armis
501 2492 633 2558 ferendis
655 2495 744 2559 utiles
762 2494 913 2560 redderet.
955 2497 1031 2561 llice
1052 2499 1138 2579 pacis

86 2587 163 2656 artes,
181 2581 207 2642 si
228 2600 290 2662 qua
309 2598 371 2663 pax
390 2580 462 2656 fuit,
482 2582 603 2644 sobriae
627 2590 655 2645 et
673 2581 849 2644 iniucundae
869 2581 924 2661 (ci.
941 2581 1138 2648 Dissertatio·

86 2679 137 2726 nem
155 2675 285 2730 nostram
307 2667 345 2730 de
367 2677 522 2749 poetarum
545 2666 747 2745 elegiacornm
770 2666 850 2748 apud
873 2668 1025 2731 Romanos
1050 2671 1136 2752 prin·

87 2749 162 2829 cipum
184 2753 306 2832 ingenio
330 2763 360 2818 et
384 2762 464 2827 arte,
491 2753 604 2815 libellis
629 2751 815 2816 scholasticis
835 2753 1026 2817 llalberstad.
1048 2774 1139 2837 prae·

87 2836 182 2900 nissam
204 2843 300 2903 neda.
324 2857 353 2921 p.
377 2843 408 2902 2.
426 2836 518 2918 app).
570 2838 693 2902 Poenica
715 2846 828 2913 eutem,
856 2857 915 2920 qua
935 2839 1024 2920 plane
1047 2838 1139 2904 desti·

86 2927 157 2984 tutum
175 2925 330 3000 humanum
349 2926 399 2988 uix
422 2924 513 2986 uullnnm
533 2924 682 2987 inueneris
704 2923 859 3007 populum,
879 2926 959 3006 inter
981 2926 1138 2990 subseciva

87 3004 125 3068 diu
140 3027 227 3089 opera
245 3011 359 3085 habita,
380 3027 416 3081 ne
437 3010 528 3073 multo
550 3010 667 3091 quidem
688 3011 719 3071 im
740 3010 854 3073 bonore
877 3009 941 3074 erat
954 3009 1033 3090 (cie.
1047 3011 1139 3076 Tusc.

86 3090 104 3166 l,
120 3093 168 3174 2.),
188 3107 217 3161 et
237 3099 319 3160 intra
339 3096 427 3159 rudia
446 3096 606 3158 carminum
625 3095 792 3158 funebrium
812 3096 996 3177 potissimum
1017 3105 1047 3160 et
1067 3115 1140 3162 con-

85 3178 201 3244 uiualium
222 3183 373 3265 principia
395 3182 447 3244 diu
468 3199 501 3244 se
524 3182 703 3247 continebat.
746 3182 860 3259 Quibus
883 3183 981 3246 causis
1003 3185 1140 3261 accessit,

85 3266 277 3347 reingerium
305 3269 482 3345 Romanum,
512 3267 572 3330 iam
602 3276 708 3330 natura
737 3268 867 3330 crassius
899 3269 1033 3346 Graeco,
1064 3271 1140 3334 belli

85 3347 202 3434 donique
226 3355 352 3434 egregie
380 3363 482 3432 gesta,
509 3355 615 3434 quibus
644 3372 699 3416 sua
725 3354 853 3416 historia
876 3372 1064 3436 nequaquam
1087 3373 1140 3420 ca·

35 3461 36 3468 ¹
84 3447 157 3516 reret,
176 3440 289 3504 fabulis
310 3441 427 3521 quidem
450 3448 619 3515 exornaret,
641 3449 670 3503 et
690 3440 809 3522 poetico
830 3440 915 3521 quasi
938 3441 1066 3521 quodam
1087 3460 1141 3505 co·
1229 3481 1232 3487 -

83 3519 135 3586 lore
155 3527 330 3604 obduceret,
355 3527 399 3590 ita
425 3534 522 3589 tamen
548 3535 581 3590 ut
608 3542 726 3607 semper
750 3525 862 3590 iactum
890 3527 991 3609 potius
1019 3535 1050 3591 ei
1075 3547 1140 3592 rem

83 3609 202 3689 neglecta
224 3613 325 3675 dorma
346 3620 483 3694 spectare
513 3620 544 3677 et
571 3611 604 3674 in
625 3611 672 3674 bis
694 3630 834 3674 summam
856 3613 995 3675 carminis
1015 3630 1142 3694 ponere,

83 3711 153 3773 poam
172 3699 307 3764 Graecae
334 3706 365 3761 et
392 3697 486 3760 omnis
513 3714 605 3762 uerae
632 3696 733 3778 poesis
761 3699 878 3762 radone
903 3698 1014 3762 iactum
1041 3693 1140 3782 ipsum

83 3779 180 3847 aldonis
199 3793 230 3849 et
249 3783 369 3848 diuinae
386 3784 490 3847 mentis
510 3815 553 3832 ·-
573 3773 666 3846 ἰδέαν
687 3801 799 3862 graece
817 3783 929 3848 dixeris
947 3821 990 3834 -
1009 3786 1140 3869 speciem

83 3867 160 3932 sudam
189 3881 219 3935 et
246 3871 404 3952 imaginem
430 3869 559 3946 babere,
588 3886 711 3952 eamque
740 3869 874 3934 omnibns
896 3871 1002 3949 rebus,
1030 3873 1138 3953 quibus

82 3953 129 4015 uita
149 3958 310 4020 eommunis
330 3956 413 4019 illam
433 3953 574 4021 coelestis
594 3954 959 4038 numiniaquodammodo
980 3957 1141 4022 scintillam

35 4121 36 4124 Ἴ
84 4036 239 4108 oblitterare
261 4042 347 4118 solet,
367 4052 516 4124 tamquam
536 4041 645 4105 alienis
662 4049 694 4105 et
714 4029 990 4128 ἆπροςδιονύσοις
1010 4045 1142 4121 reiectis,
1232 4086 1237 4104 .

35 4137 37 4214 p
82 4138 165 4190 uersus
189 4139 220 4194 et
241 4129 464 4212 compositionis
485 4135 552 4192 arde
575 4137 604 4192 et
631 4127 725 4190 omnis
746 4129 848 4210 operis
867 4129 1064 4210 dispositione
1087 4148 1139 4194 ex·

82 4207 170 4278 cultam
197 4225 289 4297 atque
315 4215 403 4278 unius
432 4213 552 4279 artificii
574 4213 699 4277 ambitu
730 4214 859 4279 rotundo
888 4207 1139 4298 circumscriptam

82 4297 157 4364 ocula
180 4318 353 4385 proponere
373 4299 475 4368 uellet.
516 4300 623 4383 Neque
649 4315 722 4366 uero
744 4309 805 4367 tum
827 4300 962 4388 quidem,
989 4319 1055 4366 cum
1081 4301 1147 4366 ali-.
