2848 4972
198 373 263 436 ιιι
472 223 995 443 aaorurrrruu.1u,doa'24.

240 541 299 612 Me
319 541 492 621 miserum,
514 532 568 601 his
590 532 710 620 aliquis
732 531 892 597 rationem
914 529 1030 596 scribit
1049 521 1189 614 'avarus

148 657 152 664 ’
196 662 223 709 ιι
283 643 331 714 Et
352 645 443 732 ponit
465 639 567 707 duras
587 640 672 704 inter
695 630 936 719 ephemeridas.

241 750 335 837 Quas
358 751 388 814 si
411 747 485 833 quis
507 740 585 807 mihi
606 738 786 819 rettulerit,
809 734 989 802 donabitur
1003 752 1095 800 auro.

285 854 368 939 Quis
390 870 448 938 pro
470 846 595 914 divitiis
618 843 710 931 ligna
730 845 861 906 retenta
882 833 997 904 veliti

239 957 258 1026 I
278 974 375 1044 puer,
397 957 432 1018 et
453 952 538 1017 citus
561 943 646 1010 haec
667 943 779 1026 aliqua
799 955 944 1025 propone
957 936 1123 1020 columna,

281 1059 330 1132 at
352 1056 514 1125 dominum
533 1047 698 1136 Esquiliis
720 1043 830 1112 scribe
850 1041 1002 1110 habitare
1022 1046 1120 1108 tuum.

666 1274 793 1352 XXIV.

238 1431 360 1522 Falsa
383 1449 436 1512 est
455 1442 525 1508 ista
545 1445 641 1520 tuae,
663 1437 795 1519 mulier,
815 1431 936 1499 fiducia
955 1432 1092 1516 formae,
1192 1454 1195 1462 =

281 1552 366 1622 oum
388 1548 491 1616 oculis
512 1544 642 1609 nimium
662 1540 753 1606 iacta
775 1539 918 1623 superba
940 1538 1033 1602 meis.

237 1659 363 1728 Noster
385 1670 476 1718 amor
494 1646 580 1714 tales
602 1644 716 1709 tribuit
735 1642 811 1724 tibi,
832 1638 992 1726 Cynthia,
1010 1635 1146 1706 laudes·

279 1758 449 1834 Versibus
464 1753 637 1839 insignem
650 1752 684 1814 te
705 1744 839 1833 pudet
828 1761 908 1810 esse
929 1745 1023 1810 meis.

207 1869 378 1938 sMixiarn
398 1867 433 1926 te
453 1858 547 1924 varia
566 1851 703 1926 laudavi
724 1866 829 1934 saepe
830 1835 971 1935 figura,

280 1968 343 2049 Ut,
364 1959 450 2049 quod
470 1978 535 2026 ιιιιιι
557 1974 673 2035 esses,
692 1971 771 2019 esse
793 1958 924 2045 putaret
946 1969 1051 2016 amor·

165 2075 167 2082 '
236 2071 286 2145 Et
306 2069 395 2137 color
416 2070 470 2131 est
488 2063 609 2128 totiens
631 2076 730 2124 roseo
749 2056 887 2122 collatus
907 2052 993 2136 Eoo,

281 2171 363 2240 Cum
382 2167 441 2233 tibi
464 2163 638 2249 quaesitus
659 2155 783 2225 candor
804 2159 838 2224 in
856 2173 913 2222 ore
932 2156 1027 2220 foret.

236 2265 331 2364 Quod
353 2269 431 2341 mihi
452 2286 517 2333 non
538 2265 637 2350 patrii
658 2266 811 2348 poterant
833 2266 987 2327 avertere
1005 2259 1113 2342 amici,

190 2401 219 2448 ιι
279 2377 404 2446 Eiuere
425 2379 483 2438 aut
504 2374 604 2433 va'sto
624 2364 790 2434 Thessala
813 2382 899 2452 saga
919 2364 1020 2434 mari:¹

233 2485 330 2556 Haec
351 2495 432 2566 ego,
451 2493 516 2541 nou
536 2472 623 2538 ferra
645 2488 710 2536 nou
731 2471 811 2557 igne
832 2473 985 2549 coactus,
1007 2449 1137 2552 etipsa

277 2583 470 2669 Naufragus
490 2579 633 2663 Aegaea
653 2573 758 2638 verba
778 2572 908 2640 fatebor
929 2587 1028 2655 aqua.

232 2688 412 2773 Correptus
434 2699 538 2748 saevo
557 2679 699 2745 Veneris
718 2674 867 2740 torrebar
887 2672 1004 2754 aheno,
1102 2750 1106 2756 ³

274 2792 415 2858 Vinctus
436 2803 526 2850 eram
545 2799 666 2872 versas
687 2781 817 2848 iumea
838 2786 936 2866 terga
957 2793 1084 2843 maurus.

188 2912 215 2959 ιι
231 2895 325 2967 Eece
347 2894 523 2958 coronatae
547 2892 675 2971 portum
696 2885 840 2970 tetigere
862 2882 1006 2963 carinae,

273 2998 449 3063 Traiectae
469 2990 610 3077 Syrtes,
637 3003 758 3054 ancora
779 2988 869 3051 iacta
889 2981 968 3052 mihi
990 2988 1053 3048 est.

229 3105 328 3174 Nuno
350 3097 477 3165 domum
499 3098 598 3164 vasto
619 3093 705 3157 fessi
727 3089 951 3174 resipiscimus
973 3091 1084 3169 aestu,

158 3214 161 3220 '
272 3204 483 3287 Vulneraque
504 3195 549 3264 ad
570 3213 686 3264 sanum
707 3210 793 3260 nune
815 3192 924 3258 coiere
944 3205 1029 3258 mea.

256 3493 298 3543 19.
315 3481 425 3552 aliquis]
441 3479 544 3549 laqueis
562 3483 598 3534 H.
618 3477 724 3548 scripsit
745 3479 776 3530 V.
795 3473 868 3528 avari
885 3491 910 3532 r.
926 3472 984 3529 Hi.
995 3473 1029 3536 A.
1041 3473 1077 3530 N.
1145 3480 1188 3532 ²0.
1206 3495 1259 3545 po.

183 3579 231 3630 net
253 3578 291 3626 H.
318 3564 568 3624 dicacitatis.
591 3567 621 3619 V.
640 3567 679 3623 M.
703 3562 880 3634 ephimeririas
901 3578 927 3619 r.
1012 3565 1055 3613 21.
1080 3563 1202 3615 retulerit
1223 3566 1258 3620 G.

184 3666 228 3714 22.
247 3659 323 3723 signa
344 3657 376 3709 G.
395 3658 431 3708 N.
450 3653 484 3705 D.
502 3654 540 3706 H.
558 3652 588 3702 V.
607 3650 646 3706 M.
666 3665 691 3703 r.
760 3653 802 3706 23.
822 3663 957 3716 praepone
972 3662 998 3702 r.
1066 3648 1109 3702 24.
1129 3648 1255 3716 exquiliis

186 3747 220 3800 G.
238 3747 273 3798 R.
291 3744 323 3795 A.

251 3851 350 3924 XXIV,
370 3857 394 3902 1.
413 3844 685 3900 Saise'rabrc'catoris
703 3845 790 3910 tapso.
858 3845 884 3894 6.
904 3839 941 3892 Et
957 3837 1010 3894 Hb.
1033 3833 1106 3903 esse]
1124 3853 1204 3910 saepe
1226 3840 1257 3897 V.

180 3942 208 3995 8.
227 3938 314 3992 Quom
329 3931 383 3986 uo.
450 3937 476 3986 9.
493 3930 570 3996 miii]
588 3929 636 3982 tibi
654 3927 706 3984 Hh.
723 3933 829 3995 portant
845 3931 883 3978 H.
954 3929 995 3980 10.
1013 3924 1111 3976 Fiuere
1126 3926 1162 3977 Ν.
1182 3923 1258 3976 thes-

180 4019 249 4092 sala]
269 4015 344 4070 thaso
361 4017 400 4072 M.
460 4021 502 4071 12.
521 4029 588 4080 egeo
604 4029 645 4082 a,
664 4029 747 4078 egaea
763 4014 795 4067 P.
814 4010 907 4080 rerba}
925 4016 965 4062 ter
986 4011 1016 4061 V.
1034 4011 1074 4066 M.
1134 4015 1176 4061 13.
1195 4027 1257 4062 sce-

179 4122 212 4159 ro
230 4109 267 4156 11.
295 4119 362 4156 aeuo
384 4104 417 4153 G.
436 4101 472 4157 N.
542 4103 584 4156 lt.
602 4101 695 4154 Victus
715 4101 750 4167 N.
770 4117 793 4152 r.
813 4116 858 4166 a..
874 4098 994 4150 Vinctus
1011 4102 1048 4151 H.
1118 4099 1159 4152 15.
1177 4113 1257 4150 coro·

180 4193 242 4240 nato
260 4205 285 4240 ι.
372 4189 413 4236 16.
432 4183 556 4236 Traieete
576 4182 655 4236 siries
670 4200 696 4240 r.
719 4181 799 4250 iacta]
821 4182 849 4235 in
868 4187 929 4234 acte
948 4181 981 4232 V.
1069 4184 1110 4237 17.
1129 4181 1256 4250 respisci·

178 4287 237 4326 mus
251 4269 305 4326 Hb.
374 4273 416 4326 18.
436 4269 552 4324 Vulnera
570 4273 597 4320 et
614 4269 648 4320 ad
664 4270 698 4322 D.
711 4269 750 4325 M.
762 4270 797 4322 11.
816 4267 919 4321 saniem
936 4267 969 4321 G.
