2834 4972
428 295 557 387 capnt'l.
592 315 635 369 De
652 311 739 384 patria
754 311 897 383 Propertii.
1175 299 1203 374 7
1315 369 1317 379 ,

113 487 268 556 Perusiae
289 485 457 570 oppositam
478 503 538 551 non
555 484 684 550 indicari
705 485 870 566 colligitur.
912 485 959 568 ns
980 485 1056 550 enlm
1078 485 1198 566 inipso

114 576 250 657 planitie
281 582 343 651 est;
369 590 424 636 nec
445 573 472 635 si
499 575 574 636 baeu
598 571 811 652 significasset,
834 571 917 636 claro
939 571 1059 634 Tiberis
1079 576 1197 636 numine

116 663 252 738 omissa,
274 659 421 724 Clitumna
442 659 533 724 fluuio
551 657 592 722 ud
613 658 833 722 constituendos
854 659 892 721 ab
914 658 1012 722 altera
1035 669 1122 739 parte
1142 676 1197 739 pu-

115 749 200 812 triae
231 763 306 822 suae
332 745 407 809 'dues
439 763 510 808 usus
539 753 628 809 essct.
679 744 863 811 Gonualli
898 754 995 808 autem
1026 744 1110 821 illi,
1141 762 1198 826 per

113 851 210 916 ιῙιιιιιιι
231 833 395 897 Clitumnus
414 831 508 895 linens
528 830 697 900 Meuaniam
724 831 819 906 alluit,
846 832 1021 912 proxima
1047 839 1078 894 et
1106 847 1196 892 con·
1294 847 1296 852 ·

113 921 234 1000 tigna
267 919 385 980 moenia
413 919 542 982 ciuitatis
579 935 618 980 ex
649 917 754 980 montis
784 919 896 981 uertice
924 917 1105 978 imminuisse
1136 925 1196 978 tam

111 1014 227 1087 aperte
249 1002 339 1080 dicit,
360 1013 393 1066 ut
412 1005 506 1085 ipsam
528 1003 699 1068 Meuaniam
719 1005 768 1066 bic
791 1021 877 1067 nemo
897 1003 955 1066 uisi
976 1005 1055 1066 falsu
1077 1002 1196 1083 proprii

112 1090 216 1170 agelli
242 1107 346 1155 amore
369 1098 543 1154 occaecatus
564 1089 736 1168 intelligere
757 1091 861 1172 possit.
904 1089 1096 1170 Tangitur
1118 1088 1195 1152 enim

112 1178 274 1260 patriae
295 1191 365 1242 ora
385 1177 449 1258 (IV,
468 1182 506 1255 l,
530 1175 629 1257 lta),
651 1192 711 1240 uon
731 1176 799 1259 ipsa
818 1176 919 1258 patria
941 1183 999 1254 est,

325 1321 390 1376 qao
407 1307 534 1361 aebalusu
551 1321 614 1362 caco
634 1315 713 1361 rorat
730 1310 763 1360 Μ
768 1309 890 1360 escaio
907 1325 999 1378 compo

357 1382 385 1432 ci
402 1377 482 1460 tems
495 1379 604 1433 aestima
623 1379 721 1448 intepet
744 1373 838 1430 Umber
855 1379 942 1446 aquis.

112 1509 165 1578 cr.
192 1509 234 1575 ad
262 1529 289 1578 e.
315 1510 340 1578 l.
366 1523 519 1579 comment.
575 1513 699 1580 Lacus
730 1523 828 1578 autem
857 1513 995 1579 Umber
1016 1513 1094 1595 lpse
1132 1513 1196 1577 Gli-

112 1608 236 1662 tumnus
258 1607 312 1675 est,
334 1599 440 1665 ecdem
461 1599 551 1664 modo
573 1601 801 1680 al’bilargyriu
825 1600 865 1664 od
882 1601 965 1682 Virg.
989 1599 1043 1664 Ge.
1061 1599 1100 1676 il,
1122 1604 1198 1666 147.

112 1684 234 1748 lacus
270 1685 376 1749 dictus.
434 1687 512 1752 Nam
546 1703 679 1770 aquosae
717 1689 803 1769 ripae
837 1687 942 1751 rivulis
977 1684 1196 1748 abundantibus

112 1770 257 1852 proxime
277 1771 389 1834 fontem
410 1773 554 1837 celeriter
573 1783 676 1838 auctus
693 1770 792 1836 Plinio
814 1780 889 1836 teste
911 1771 1021 1854 (Epist.
1039 1769 1125 1846 Vlll,
1146 1770 1194 1850 8.)

113 1856 341 1936 „gurgitem
361 1859 443 1933 iacit,
467 1859 518 1940 qni
537 1859 621 1923 lato
644 1859 789 1939 gremio
810 1859 1006 1938 putescit.“
1028 1893 1070 1906 --
1115 1855 1195 1934 Quid

114 1960 192 2006 uero
213 1941 379 2013 Albertnst
422 1944 462 2007 Ut
483 1945 602 2024 magis
623 1946 784 2026 proprie
805 1963 859 2007 sua
878 1943 1021 2009 Meuania
1042 1942 1196 2005 describo*

115 2036 178 2104 tur,
199 2026 300 2092 audax
321 2029 402 2093 docti
423 2028 575 2094 cniusdam
592 2030 663 2094 Itali
683 2027 830 2095 inuentum
849 2031 909 2092 ianr
927 2029 1100 2110 aScicppiu
1121 2047 1195 2110 pro-

114 2114 213 2178 latum
235 2129 257 2178 a
274 2115 463 2178 Broulubusio
486 2124 583 2179 autem
604 2115 709 2179 merito
731 2115 899 2199 explosum,
927 2117 1195 2178 sacer-inber

115 2201 228 2265 iterum
249 2200 281 2262 in
296 2199 432 2263 ordinem
453 2203 589 2283 recipere
607 2210 742 2279 conatur,
763 2219 886 2284 eumque
907 2201 1057 2266 imbrem
1072 2201 1194 2264 Tber-

115 2304 197 2350 mas
225 2293 381 2349 veteres
407 2285 567 2351 Meuaniae
595 2287 825 2369 interpretatur,
854 2304 931 2367 quae
959 2286 1108 2366 latioque
1132 2286 1193 2348 ln-

116 2380 280 2437 uersatc
310 2369 490 2437 dictitantur.
534 2374 586 2438 Sic
613 2391 732 2455 qunque
758 2375 817 2436 iam
837 2372 1007 2455 Scioppius.
1049 2371 1112 2436 Sed
1137 2371 1193 2434 Al-

116 2458 240 2536 bertns,
262 2474 321 2538 qno
341 2459 466 2541 propius
488 2476 591 2523 sonum
610 2460 693 2524 uocis
714 2459 876 2542 exprimat,
896 2460 1026 2522 crassius
1047 2457 1193 2520 Imber-

115 2552 207 2608 satc
241 2545 422 2625 pronuntiat
470 2544 585 2610 Rursus
613 2545 793 2610 Celerius
820 2563 848 2612 u.
873 2549 946 2610 125.
973 2545 1074 2608 nescio
1108 2543 1192 2608 euius

115 2629 352 2710 Orclpedii,
373 2647 458 2712 quem
479 2638 668 2712 personatum
690 2649 756 2695 csse
778 2629 994 2695 Diomedem
1014 2630 1191 2694 Montes-

90 2755 93 2776 .
115 2715 330 2797 perellium
351 2718 525 2781 Perusinum
547 2718 606 2794 ait,
634 2717 834 2782 coniecturam
859 2735 970 2784 assus
997 2713 1120 2779 mu‘rns
1140 2732 1192 2777 re-

116 2801 209 2882 cipit,
237 2820 324 2883 qnam
347 2821 404 2884 per
427 2802 650 2867 lateritium
676 2801 789 2868 murum
813 2803 960 2884 explicat,
987 2801 1104 2885 qualem
1124 2802 1193 2864 lde-

116 2888 229 2951 anniae
248 2889 343 2950 fnisse
355 2883 471 2957 Plinius
491 2896 598 2952 auctor
613 2889 652 2952 sit
669 2887 757 2971 (Nat.
773 2888 850 2962 ilist.
865 2888 988 2965 XXXV,
1008 2885 1086 2965 la).
1129 2883 1192 2948 Sed

161 2974 188 3035 's
208 2983 336 3055 unquam
355 2973 449 3037 fando
471 2973 600 3052 audiuit,
623 2983 676 3038 aut
700 2991 827 3038 ossum
847 2991 959 3036 murum
979 2991 1035 3055 pro
1057 2971 1191 3034 lateritio

117 2992 197 3136 iiii,
218 3069 270 3122 aut
291 3059 540 3124 Thermarum
561 3079 656 3143 aquas
677 3061 765 3124 sola
786 3068 940 3124 aestate
960 3059 1089 3141 tepere?
1130 3055 1192 3119 lta·

118 3163 179 3226 que
200 3163 238 3207 ne
257 3145 366 3208 diutius
385 3146 496 3210 talibus
517 3149 607 3227 nugis
629 3157 743 3230 tempus
765 3154 911 3210 teramus:
936 3147 964 3208 si
983 3144 1078 3210 rerba
1096 3142 1191 3224 ipsius

117 3231 274 3311 Propertii
295 3233 406 3314 optimo
429 3249 547 3314 quoque
567 3235 712 3297 librarum
733 3252 802 3296 mss.
823 3240 942 3298 seruata
961 3231 1120 3314 sequimur,
1140 3245 1191 3292 res
1221 3278 1224 3288 ,
1277 3297 1281 3304 ,

115 3317 188 3399 ipsa
216 3318 313 3397 cogit,
345 3327 379 3382 ut
409 3318 550 3401 oppidum
578 3320 611 3382 in
640 3337 676 3384 eo
706 3329 804 3385 tractu
833 3321 973 3382 montium
1004 3332 1191 3399 quaeramus,

118 3421 196 3484 quos
219 3423 258 3466 ex
276 3405 430 3486 Apennino
452 3405 581 3470 deuexas
602 3407 640 3470 ab
663 3406 761 3469 altera
780 3415 868 3487 parte
890 3405 1010 3469 Tiberis
1032 3403 1070 3464 ab
1093 3401 1191 3464 altera

120 3489 287 3553 Clitumnus
318 3491 512 3573 praeterfluit.
563 3492 619 3556 Hic
652 3501 749 3555 autem
777 3493 857 3557 inter
889 3491 948 3554 duo
982 3490 1077 3553 solnm
1106 3488 1189 3569 optio

118 3577 310 3652 conceditur,
338 3577 557 3659 Hispellum
584 3586 615 3642 et
634 3579 814 3654 Asisium,
843 3593 969 3659 quorum
988 3575 1088 3659 priori
1114 3569 1191 3636 illud

118 3679 194 3724 sane
220 3662 326 3725 iuuere
349 3661 503 3739 uideatur,
539 3663 619 3744 quud
647 3665 753 3728 notis
783 3665 990 3745 penatibus
1019 3660 1129 3725 editum
1156 3675 1191 3722 sa

120 3765 189 3810 esse
210 3748 303 3828 Prop.
326 3745 407 3812 dicit.
449 3749 514 3812 Hoc
541 3751 618 3812 euim
646 3750 673 3812 si
701 3767 761 3813 ncn
786 3749 825 3812 de
852 3749 961 3814 dumo
982 3748 1193 3830 Propertiana,

119 3833 175 3899 scd
198 3833 235 3896 de
261 3833 391 3914 publicis
421 3835 573 3916 municipii
601 3836 758 3918 penatibus
782 3834 892 3900 dictum
920 3837 1051 3916 accipias
1075 3835 1121 3910 (ut
1141 3832 1191 3896 El.

119 3919 145 3994 1,
167 3925 220 3994 22,
236 3921 298 3998 1.),
319 3921 416 4000 aptius
436 3918 575 3984 uideatur
591 3921 766 4003 Hispellum.
808 3923 884 3987 Nam
907 3932 936 3988 et
956 3922 1116 3985 colonia
1133 3917 1193 3980 ln-

119 4004 176 4068 lia
198 4003 385 4086 splendidum
408 4016 473 4069 erat
493 4006 545 4082 (ci.
563 4004 680 4071 Gruter.
699 4008 732 4071 G.
748 4007 773 4072 1.
794 4027 825 4092 p.
842 4010 914 4086 atr.
937 4007 1034 4074 Orell.
1049 4027 1079 4071 n.
1096 4004 1191 4069 3885.

6 4105 7 4110 ’
121 4090 190 4154 add.
209 4092 450 4167 Masaesulii,
469 4095 499 4156 3.
523 4093 618 4156 0rell.
640 4113 670 4155 n.
690 4097 799 4174 2170.)
823 4105 853 4160 et
872 4094 981 4158 balneo
1003 4092 1193 4174 hospitioque

6 4213 8 4258 t
120 4178 243 4260 publico
272 4178 491 4243 celebrabatur.
536 4177 583 4241 tlt.
604 4178 681 4242 Plin.
708 4181 795 4262 epist.
816 4181 838 4245 l.
858 4181 882 4244 1.
929 4182 1094 4246 Praeterea
1119 4190 1192 4237 uero

122 4265 211 4328 etiam
238 4283 260 4326 a
281 4265 424 4330 Meuania
449 4271 481 4330 et
508 4263 579 4330 lacu
600 4263 756 4345 Clitumni,
785 4265 826 4332 da
853 4282 911 4354 quc
938 4265 1027 4334 mode
1057 4261 1193 4336 uidimus,
