2806 4974
227 281 301 358 152
539 295 732 356 Quaestionum
748 295 990 354 Libersacundus.

225 470 419 534 sitiocem:
440 467 616 544 lv,1,ra.:
640 467 775 544 Pellitos,
797 470 910 532 rustica
931 467 1061 544 corda,
1082 463 1296 548 patreslcl.

227 557 322 634 magis
351 555 490 634 uulgaria
518 552 571 629 lv,
594 559 651 629 11,
670 556 722 624 bb.
749 555 958 633 11‚1,aa.);
987 554 1065 617 unde
1094 563 1229 616 tenemus
1249 552 1297 628 IV,
1379 553 1380 622 j

227 647 262 717 7,
284 645 351 706 fis:
372 638 690 723 Andromedeque
719 650 748 703 et
769 642 1065 722 Hypermnestre
1086 670 1130 682 -
1152 639 1298 701 historiae

197 792 198 796 ,
226 737 392 809 pectora
412 733 504 788 ncta
526 743 613 799 suae,
639 725 718 806 quod
739 743 797 787 nou
820 728 946 788 liberum
967 731 1116 788 manserat
1137 742 1157 785 a
1179 724 1298 786 critico·
1379 725 1380 804 Ι

228 831 293 875 rum
314 813 541 892 suspicionibus.
583 811 694 873 Eadem
713 812 810 890 figura
832 821 962 874 nostram
985 809 1220 874 emendationem
1242 808 1299 871 lul·
1379 805 1380 860 l

227 900 317 960 simus
340 895 384 973 ll,
407 900 465 971 28,
487 899 555 960 bb:
578 897 703 959 Troiani
727 899 838 972 muri,
859 897 958 960 diruta
979 915 1101 976 regna
1122 897 1216 959 senis.

331 983 444 1046 Rursus
467 977 675 1060 συμβολικῶς
696 983 748 1059 ΙΙΙ,
762 986 875 1059 aule
897 984 1084 1047 siluestre
1106 983 1205 1044 uber
1227 995 1297 1062 pro:
1379 959 1380 986 ³

226 1069 383 1132 nutrice
412 1068 555 1142 siluestri,
581 1069 603 1132 i.
626 1086 652 1131 e.
675 1070 746 1150 lupa
766 1069 881 1134 Martia
903 1067 1027 1145 dicitur;
1058 1066 1121 1142 ΙΙΙ,
1147 1070 1206 1141 10,
1230 1069 1297 1130 11.;

229 1154 366 1218 felicibus
399 1154 479 1216 edita
510 1156 665 1234 pannis,
694 1156 714 1217 i.
738 1173 764 1218 e.
791 1155 929 1218 aribus
961 1153 1231 1232 rcl·augurio;
1263 1149 1298 1225 ΙΙ,

231 1245 286 1316 19,
309 1243 375 1304 28.;
398 1239 558 1315 lucifer,
580 1240 602 1302 i.
625 1259 651 1302 e.
675 1239 773 1317 dies,
803 1241 848 1316 ΙΙ,
870 1245 928 1317 22,
951 1245 1020 1304 Pia:
1046 1243 1206 1310 Arctos,
1230 1237 1251 1298 i.
1269 1249 1298 1298 c.

229 1345 315 1401 ncx;
336 1325 386 1400 IV,
408 1330 444 1400 6,
465 1328 533 1389 Sl:
555 1327 762 1405 pharetrae
785 1327 902 1401 ane,
927 1328 947 1389 i.
970 1345 996 1389 e.
1016 1325 1154 1388 Parthi
1173 1323 1299 1403 sagit·
1379 1347 1380 1414 l

228 1413 336 1476 tatii.
381 1411 456 1473 Add.
477 1411 506 1487 Ι,
524 1415 559 1485 9,
580 1415 630 1475 10.
654 1417 708 1488 20,
732 1417 783 1478 18.
806 1417 861 1487 13,
881 1415 932 1476 34.
955 1412 1000 1486 ΙΙ,
1021 1416 1058 1489 6,
1078 1413 1129 1473 24.

330 1497 444 1572 Porro,
472 1499 609 1577 quoniam
630 1499 721 1560 uariis
744 1499 909 1562 rationibus
929 1499 1014 1561 uaria
1034 1498 1081 1565 rei
1103 1494 1235 1578 qualitas
1256 1493 1299 1554 ei·

126 1657 129 1662 Δ
229 1583 341 1658 licitur,
370 1581 515 1663 siquidem
535 1583 565 1644 in
591 1600 683 1664 opere
704 1585 804 1666 aliquo
828 1593 932 1647 auctor
954 1594 983 1646 et
1008 1584 1233 1646 instrumentum
1254 1578 1300 1642 rel
1379 1631 1380 1652 ,

185 1723 188 1728 ,
229 1673 318 1732 etiarn
345 1669 485 1742 materia,
513 1687 550 1730 ex
574 1688 633 1749 qua
658 1670 769 1732 factum
796 1680 857 1746 est,
884 1678 1024 1750 apparet,
1051 1687 1104 1731 nec
1124 1667 1231 1730 eadem
1251 1681 1298 1726 res

229 1763 344 1829 manet,
370 1757 394 1815 si
418 1755 456 1816 ab
479 1753 546 1815 aliis
567 1755 753 1835 possidetur,
777 1763 806 1818 et
826 1773 904 1836 quae
924 1756 1049 1818 diuersis
1070 1755 1146 1816 lucis
1174 1753 1298 1830 gignun-

228 1851 287 1916 tur,
310 1839 455 1902 dirersam
474 1841 594 1903 trabunt
615 1850 765 1903 naturam:
787 1841 932 1922 plurimae
952 1843 1089 1904 criuntur
1108 1837 1299 1901 mutationum
1379 1843 1380 1866 ¹

170 1937 176 1945 '
229 1927 358 2007 species,
382 1942 503 2004 quarum
525 1927 575 1989 rix
594 1925 684 1988 ullam
706 1927 880 2008 Propertius
901 1927 1040 1990 intactam
1063 1926 1196 2006 reliquit.
1242 1924 1299 1986 lle-
1379 1987 1380 2012 Ι

129 2073 130 2076 ,
231 2030 289 2093 que
310 2020 406 2072 mmeu
428 2011 476 2072 hic
503 2010 541 2073 de
561 2012 736 2090 vulgaribus
758 2013 902 2089 dicemus,
927 2015 1029 2094 qualia
1051 2021 1134 2086 sunt,
1165 2007 1299 2072 camuel
1379 2035 1380 2074 1

230 2097 273 2159 dii
294 2114 349 2177 pro
372 2095 456 2156 donis
479 2098 709 2178 suispouuntur
731 2098 785 2177 (ci.
809 2098 880 2180 Gap.
901 2099 980 2177 ΙΙΙ),
1008 2097 1056 2162 rel
1078 2105 1217 2158 auctores
1242 2110 1295 2175 pro
1333 2111 1336 2121 ¹

228 2181 332 2257 libris,
353 2182 401 2244 sel
427 2199 528 2244 manus
548 2184 761 2264 proardficiis
781 2185 834 2263 (ci.
858 2195 953 2246 tamen
975 2183 1032 2257 ΙΙΙ,
1055 2187 1111 2259 21,
1134 2183 1219 2262 30.):
1240 2199 1298 2240 ma·
1379 2191 1380 2224 l

228 2270 336 2333 teriam
350 2280 422 2330 rcro
442 2285 497 2348 pro
514 2286 548 2331 re
569 2268 638 2332 iude
655 2269 802 2333 fabricata
822 2269 964 2348 audacius
986 2270 1046 2331 dici
1067 2287 1086 2330 a
1106 2278 1210 2330 nostru
1230 2266 1296 2326 ideo

229 2370 504 2427 commemoramus,
527 2354 607 2434 quod
627 2355 674 2417 El.
696 2355 755 2430 ΙΙΙ,
780 2361 837 2431 10,
858 2361 910 2419 22.
932 2355 1019 2418 simul
1045 2371 1110 2416 cnm
1136 2341 1298 2435 καταχρή·
1379 2381 1380 2430 p

230 2457 283 2502 σει
305 2440 403 2501 iuncta
424 2456 460 2502 ea
482 2437 579 2518 ligura
601 2459 726 2503 summas
746 2441 807 2507 VV.
827 2442 892 2505 ΙΙΙ).
914 2443 1015 2503 turbas
1037 2441 1139 2513 morit,
1163 2441 1214 2519 qui
1237 2453 1296 2498 cun
1379 2431 1380 2464 ³

230 2526 413 2604 onychem
444 2541 500 2605 pro
534 2527 763 2602 alabastro,
794 2526 814 2588 i.
843 2545 869 2591 e.
899 2545 991 2591 rose
1028 2523 1295 2606 unguentario
1379 2527 1380 2556 l

229 2609 340 2674 dictum
361 2627 419 2672 nou
445 2609 660 2690 intelligerent,
689 2613 726 2675 de
748 2613 942 2675 martinorum
968 2622 1075 2675 natura
1095 2612 1196 2673 uarias
1222 2626 1298 2670 coru·

229 2697 322 2760 menti
355 2705 422 2758 snut
451 2696 579 2760 labrdas.
632 2697 666 2759 ln
693 2699 849 2777 regionum
880 2708 975 2762 autem
1004 2698 1192 2772 nominibus,
1223 2710 1295 2774 quae
1379 2763 1380 2772 Ι

230 2799 288 2865 pru
320 2781 427 2845 incolis
461 2800 574 2863 ponere
609 2785 841 2864 uulgatissimum
875 2794 936 2859 est,
964 2785 1028 2866 trac
1059 2802 1093 2846 re
1123 2781 1295 2863 Propertius

209 2868 356 2949 eminet,
384 2867 464 2948 quod
500 2869 693 2934 attributa
723 2870 760 2932 iis
792 2869 889 2946 addit,
920 2887 999 2950 quae
1034 2871 1064 2930 iu
1094 2868 1176 2930 solos
1200 2868 1294 2938 locos,
1379 2865 1380 2884 ¹

230 2970 291 3018 non
319 2953 350 3015 in
381 2955 512 3016 homines
543 2955 659 3017 cadunt.
710 2955 813 3035 Itaque
842 2974 905 3018 cum
933 2956 1023 3018 facile
1053 2955 1091 3016 sit
1123 2962 1153 3016 et
1187 2969 1295 3032 nequa·

128 3057 129 3064 ¹
231 3057 320 3120 quam
348 3056 423 3103 nore
452 3040 559 3102 dictum
580 3039 634 3115 ΙΙΙ,
654 3044 692 3116 8,
717 3045 760 3103 1.:
785 3041 891 3116 Disce,
917 3041 987 3122 quid
1009 3040 1216 3120 Esquilias
1243 3041 1294 3098 bac
1379 3117 1380 3120 Ι

230 3134 319 3188 nocte
349 3124 479 3204 fugarit,
506 3127 535 3188 Ιι.
558 3144 583 3188 e.
609 3126 809 3206 Esquiliarum
837 3128 1005 3188 incolas:
1035 3135 1156 3206 praeter
1185 3139 1294 3187 ormnem
1379 3127 1380 3168 ³

232 3211 465 3291 expectationem
498 3220 558 3284 est,
592 3212 671 3291 quod
702 3212 889 3274 nihilomiuus
921 3212 1019 3273 addit:
1053 3245 1093 3256 -
1122 3226 1294 3290 aquosas.
1379 3201 1380 3294 Ι

231 3295 294 3360 Nec
316 3295 406 3358 facile
427 3296 503 3356 alius
525 3273 714 3359 Dircaeus
737 3297 856 3359 Thebas
880 3296 1007 3370 diceret,
1035 3297 1061 3358 si
1085 3297 1294 3366 Thebanus,

170 3380 171 3385 ’
230 3381 292 3444 ιιόιι
321 3380 452 3443 urbem
480 3379 571 3443 vellet
604 3383 782 3460 significare.
833 3382 945 3446 Contra
972 3382 1030 3456 ΙΙΙ,
1054 3388 1088 3459 7,
1110 3387 1179 3445 ru:
1208 3399 1295 3443 nau-

231 3467 349 3545 fraga
378 3465 557 3539 Graecia,
586 3476 615 3528 ct
643 3468 692 3541 lv,
715 3473 749 3542 7,
772 3469 840 3530 78.:
869 3469 1050 3530 lasciuum
1081 3469 1222 3544 lorum,
1248 3461 1296 3526 ubi

232 3562 331 3615 tamen
357 3549 514 3612 accolas
539 3550 669 3631 intelligi
697 3562 796 3615 cetera
815 3562 922 3616 uetant.
965 3556 1068 3634 Neque
1096 3555 1190 3633 igitur
1210 3547 1295 3621 aliud,

233 3655 297 3698 cum
317 3656 420 3698 sensus
443 3655 529 3698 sensu
548 3641 715 3701 carentibus
737 3639 892 3713 tribuitur,
921 3643 959 3701 ut*
980 3639 1131 3719 vigilax
1150 3640 1293 3701 Subura

237 3733 267 3784 ct
288 3724 479 3788 incertum
495 3722 688 3803 Canopum
711 3732 740 3785 et
763 3732 864 3785 cetera
884 3723 915 3785 id
936 3743 1029 3804 genus
1051 3719 1187 3804 plurima
1230 3721 1295 3785 Ele·
1379 3707 1380 3744 ³

232 3809 436 3888 gantissimum
454 3825 543 3883 vero,
565 3807 644 3888 quod
666 3809 850 3871 Dardana
877 3813 1016 3892 puppis
1040 3811 1092 3885 lv,
1114 3815 1149 3885 l,
1170 3815 1221 3874 41.
1241 3819 1293 3888 pro
1379 3819 1380 3822 ’

232 3895 360 3956 Aenea
384 3903 412 3956 et
434 3896 558 3956 sociis
582 3893 706 3968 dicitur,
725 3905 754 3958 et
779 3896 879 3957 ciuis
906 3913 961 3975 pro
982 3896 1106 3957 Troiani
1128 3896 1229 3978 populi
1250 3908 1294 3953 re·
1324 3938 1327 3946 s
1379 3911 1380 3916 ¹

231 3979 507 4059 liquaminibus.
552 3978 618 4056 Quo
646 3979 735 4043 murlto
759 3981 848 4044 etiam
875 3983 969 4059 magis
998 3983 1146 4061 poeticum
1171 3993 1199 4044 et
1223 3980 1294 4042 Pro·

232 4066 388 4146 pertiauae
410 4073 469 4127 tam
492 4063 657 4128 evidentiae
686 4084 771 4146 quam
793 4067 932 4130 brevitati
960 4067 1293 4135 accommodatissimum,
1379 4109 1380 4112 ¹

232 4149 313 4230 quod
347 4167 404 4232 pro
438 4160 600 4213 auctore
635 4151 737 4214 facti
771 4161 822 4217 aut
857 4169 1006 4214 causam
1038 4154 1209 4234 saepissime
1242 4164 1294 4231 po·
1379 4169 1380 4182 ι

232 4235 292 4314 uit,
313 4245 365 4298 aut
388 4236 691 4299 instrumentum.
734 4237 810 4300 Nam
830 4255 894 4300 oum
915 4255 1017 4314 omne,
1038 4238 1182 4322 quidquid
1202 4236 1246 4312 lit,
1267 4239 1294 4294 et
1379 4231 1380 4240 ’
