<?xml version="1.0" encoding="UTF-8"?>
<!DOCTYPE html PUBLIC "-//W3C//DTD XHTML 1.0 Transitional//EN"
    "http://www.w3.org/TR/xhtml1/DTD/xhtml1-transitional.dtd">
<html xmlns="http://www.w3.org/1999/xhtml" xml:lang="en" lang="en">
 <head>
  <title>
</title>
<meta http-equiv="Content-Type" content="text/html;charset=utf-8" />
  <meta name='ocr-system' content='tesseract 3.04.00' />
  <meta name='ocr-capabilities' content='ocr_page ocr_carea ocr_par ocr_line ocrx_word'/>
</head>
<body>
  <div class='ocr_page' id='page_1' title='image "./sexaureliiprope02propgoog_0203.png"; bbox 0 0 2806 4974; ppageno 0'>
   <div class='ocr_carea' id='block_1_1' title="bbox 426 351 1167 456">
    <p class='ocr_par' dir='ltr' id='par_1_1' title="bbox 426 351 1167 456">
     <span class='ocr_line' id='line_1_1' title="bbox 426 351 1167 456; baseline 0.011 -33"><span class='ocrx_word' id='word_1_1' title='bbox 426 366 516 456; x_wconf 55' lang='lat' dir='ltr'>§lapsi</span> <span class='ocrx_word' id='word_1_2' title='bbox 532 365 580 426; x_wconf 80' lang='lat' dir='ltr'>Vl.</span> <span class='ocrx_word' id='word_1_3' title='bbox 614 368 657 422; x_wconf 84' lang='lat' dir='ltr'>De</span> <span class='ocrx_word' id='word_1_4' title='bbox 672 368 851 430; x_wconf 56' lang='lat' dir='ltr'>elocutione„</span> <span class='ocrx_word' id='word_1_5' title='bbox 1094 351 1167 434; x_wconf 80' lang='lat'>185</span> 
     </span>
    </p>
   </div>
   <div class='ocr_carea' id='block_1_2' title="bbox 88 541 1167 716">
    <p class='ocr_par' dir='ltr' id='par_1_2' title="bbox 88 541 1167 716">
     <span class='ocr_line' id='line_1_2' title="bbox 88 541 1167 626; baseline -0.002 -16"><span class='ocrx_word' id='word_1_6' title='bbox 88 547 122 610; x_wconf 92' lang='lat' dir='ltr'>in</span> <span class='ocrx_word' id='word_1_7' title='bbox 149 545 198 610; x_wconf 84' lang='lat' dir='ltr'>nt.</span> <span class='ocrx_word' id='word_1_8' title='bbox 218 543 278 621; x_wconf 89' lang='lat'>111,</span> <span class='ocrx_word' id='word_1_9' title='bbox 304 547 356 608; x_wconf 79' lang='lat'>23.</span> <span class='ocrx_word' id='word_1_10' title='bbox 385 542 451 626; x_wconf 81' lang='lat' dir='ltr'>quis</span> <span class='ocrx_word' id='word_1_11' title='bbox 478 559 538 606; x_wconf 90' lang='lat' dir='ltr'>non</span> <span class='ocrx_word' id='word_1_12' title='bbox 565 541 750 609; x_wconf 74' lang='lat' dir='ltr'><strong>admiretur?</strong></span> <span class='ocrx_word' id='word_1_13' title='bbox 792 541 851 605; x_wconf 80' lang='lat' dir='ltr'>Aut</span> <span class='ocrx_word' id='word_1_14' title='bbox 879 543 945 623; x_wconf 83' lang='lat' dir='ltr'>qais</span> <span class='ocrx_word' id='word_1_15' title='bbox 964 541 1167 624; x_wconf 73' lang='lat' dir='ltr'>imperitantis</span> 
     </span>
     <span class='ocr_line' id='line_1_3' title="bbox 89 628 1036 716; baseline -0.006 -19"><span class='ocrx_word' id='word_1_16' title='bbox 89 632 242 716; x_wconf 82' lang='lat' dir='ltr'>Apollinis</span> <span class='ocrx_word' id='word_1_17' title='bbox 263 648 365 695; x_wconf 84' lang='lat' dir='ltr'>uocem</span> <span class='ocrx_word' id='word_1_18' title='bbox 387 629 492 692; x_wconf 87' lang='lat' dir='ltr'>audire</span> <span class='ocrx_word' id='word_1_19' title='bbox 515 629 574 692; x_wconf 88' lang='lat' dir='ltr'>sihi</span> <span class='ocrx_word' id='word_1_20' title='bbox 598 647 658 692; x_wconf 90' lang='lat' dir='ltr'>uon</span> <span class='ocrx_word' id='word_1_21' title='bbox 678 628 817 693; x_wconf 81' lang='lat' dir='ltr'>uideatur</span> <span class='ocrx_word' id='word_1_22' title='bbox 836 628 889 706; x_wconf 87' lang='lat' dir='ltr'>tv,</span> <span class='ocrx_word' id='word_1_23' title='bbox 910 633 946 707; x_wconf 88' lang='lat'>6,</span> <span class='ocrx_word' id='word_1_24' title='bbox 968 633 1036 694; x_wconf 60' lang='lat'>52:</span> 
     </span>
    </p>
   </div>
   <div class='ocr_carea' id='block_1_3' title="bbox 234 749 1130 824">
    <p class='ocr_par' dir='ltr' id='par_1_3' title="bbox 234 749 1130 824">
     <span class='ocr_line' id='line_1_4' title="bbox 234 749 1130 824; baseline -0.003 -16"><span class='ocrx_word' id='word_1_25' title='bbox 234 757 346 824; x_wconf 77' lang='lat' dir='ltr'>Tempus</span> <span class='ocrx_word' id='word_1_26' title='bbox 365 755 439 808; x_wconf 77' lang='lat' dir='ltr'>odeat</span> <span class='ocrx_word' id='word_1_27' title='bbox 454 751 460 823; x_wconf 88' lang='grc' dir='ltr'>Ι</span> <span class='ocrx_word' id='word_1_28' title='bbox 475 754 604 806; x_wconf 72' lang='lat' dir='ltr'><strong><em>committe</em></strong></span> <span class='ocrx_word' id='word_1_29' title='bbox 620 759 694 807; x_wconf 82' lang='lat' dir='ltr'>rates</span> <span class='ocrx_word' id='word_1_30' title='bbox 708 750 715 822; x_wconf 87' lang='grc' dir='ltr'>Ι</span> <span class='ocrx_word' id='word_1_31' title='bbox 730 769 775 821; x_wconf 78' lang='lat' dir='ltr'>epo</span> <span class='ocrx_word' id='word_1_32' title='bbox 791 754 918 820; x_wconf 86' lang='lat' dir='ltr'>temporie</span> <span class='ocrx_word' id='word_1_33' title='bbox 935 759 1030 806; x_wconf 82' lang='lat' dir='ltr'>auctor</span> <span class='ocrx_word' id='word_1_34' title='bbox 1046 749 1130 810; x_wconf 65' lang='lat' dir='ltr'>cett?</span> 
     </span>
    </p>
   </div>
   <div class='ocr_carea' id='block_1_4' title="bbox 87 867 1198 1814">
    <p class='ocr_par' dir='ltr' id='par_1_4' title="bbox 87 867 1198 1814">
     <span class='ocr_line' id='line_1_5' title="bbox 87 867 1170 948; baseline -0.004 -13"><span class='ocrx_word' id='word_1_35' title='bbox 87 873 257 936; x_wconf 89' lang='lat' dir='ltr'>Praeterea</span> <span class='ocrx_word' id='word_1_36' title='bbox 290 870 379 932; x_wconf 90' lang='lat' dir='ltr'>etiam</span> <span class='ocrx_word' id='word_1_37' title='bbox 410 869 548 932; x_wconf 83' lang='lat' dir='ltr'>diuersae</span> <span class='ocrx_word' id='word_1_38' title='bbox 584 867 751 930; x_wconf 87' lang='lat' dir='ltr'>litterarum</span> <span class='ocrx_word' id='word_1_39' title='bbox 780 874 849 929; x_wconf 88' lang='lat' dir='ltr'>sunt</span> <span class='ocrx_word' id='word_1_40' title='bbox 873 867 1015 943; x_wconf 84' lang='lat' dir='ltr'>uirtutes,</span> <span class='ocrx_word' id='word_1_41' title='bbox 1045 885 1170 948; x_wconf 88' lang='lat' dir='ltr'>quarum</span> 
     </span>
     <span class='ocr_line' id='line_1_6' title="bbox 91 952 1171 1040; baseline -0.006 -18"><span class='ocrx_word' id='word_1_42' title='bbox 91 966 296 1040; x_wconf 73' lang='lat' dir='ltr'>temperatura</span> <span class='ocrx_word' id='word_1_43' title='bbox 324 956 387 1018; x_wconf 90' lang='lat' dir='ltr'>alia</span> <span class='ocrx_word' id='word_1_44' title='bbox 415 955 483 1018; x_wconf 92' lang='lat' dir='ltr'>aliis</span> <span class='ocrx_word' id='word_1_45' title='bbox 513 956 692 1033; x_wconf 80' lang='lat' dir='ltr'>argumentis</span> <span class='ocrx_word' id='word_1_46' title='bbox 720 961 764 1016; x_wconf 91' lang='lat' dir='ltr'>est</span> <span class='ocrx_word' id='word_1_47' title='bbox 792 952 911 1015; x_wconf 86' lang='lat' dir='ltr'>idonea.</span> <span class='ocrx_word' id='word_1_48' title='bbox 954 953 1029 1038; x_wconf 86' lang='lat' dir='ltr'>Nam</span> <span class='ocrx_word' id='word_1_49' title='bbox 1053 972 1117 1016; x_wconf 88' lang='lat' dir='ltr'>cum</span> <span class='ocrx_word' id='word_1_50' title='bbox 1140 955 1171 1016; x_wconf 92' lang='lat' dir='ltr'>in</span> 
     </span>
     <span class='ocr_line' id='line_1_7' title="bbox 94 1038 1170 1122; baseline -0.006 -14"><span class='ocrx_word' id='word_1_51' title='bbox 94 1043 292 1117; x_wconf 76' lang='lat' dir='ltr'>carminibus,</span> <span class='ocrx_word' id='word_1_52' title='bbox 318 1059 395 1122; x_wconf 80' lang='lat' dir='ltr'>quiae</span> <span class='ocrx_word' id='word_1_53' title='bbox 417 1042 531 1104; x_wconf 90' lang='lat' dir='ltr'>maiore</span> <span class='ocrx_word' id='word_1_54' title='bbox 559 1041 666 1121; x_wconf 88' lang='lat' dir='ltr'>spiritu</span> <span class='ocrx_word' id='word_1_55' title='bbox 687 1039 863 1114; x_wconf 85' lang='lat' dir='ltr'>efferuntur,</span> <span class='ocrx_word' id='word_1_56' title='bbox 884 1038 993 1121; x_wconf 86' lang='lat' dir='ltr'>plenae</span> <span class='ocrx_word' id='word_1_57' title='bbox 1015 1039 1170 1112; x_wconf 84' lang='lat' dir='ltr'>dominan-</span> 
     </span>
     <span class='ocr_line' id='line_1_8' title="bbox 94 1126 1172 1208; baseline -0.006 -15"><span class='ocrx_word' id='word_1_58' title='bbox 94 1141 145 1194; x_wconf 85' lang='lat' dir='ltr'>tur</span> <span class='ocrx_word' id='word_1_59' title='bbox 167 1140 198 1192; x_wconf 89' lang='lat' dir='ltr'>et</span> <span class='ocrx_word' id='word_1_60' title='bbox 227 1130 372 1192; x_wconf 87' lang='lat' dir='ltr'>rotundae</span> <span class='ocrx_word' id='word_1_61' title='bbox 394 1129 532 1201; x_wconf 85' lang='lat' dir='ltr'>uocales,</span> <span class='ocrx_word' id='word_1_62' title='bbox 556 1127 660 1206; x_wconf 87' lang='lat' dir='ltr'>quales</span> <span class='ocrx_word' id='word_1_63' title='bbox 690 1133 756 1187; x_wconf 88' lang='lat' dir='ltr'>sunt</span> <span class='ocrx_word' id='word_1_64' title='bbox 778 1143 815 1200; x_wconf 82' lang='lat' dir='ltr'>a,</span> <span class='ocrx_word' id='word_1_65' title='bbox 838 1141 874 1202; x_wconf 91' lang='lat' dir='ltr'>o,</span> <span class='ocrx_word' id='word_1_66' title='bbox 895 1141 920 1188; x_wconf 82' lang='lat' dir='ltr'>u</span> <span class='ocrx_word' id='word_1_67' title='bbox 942 1135 972 1189; x_wconf 87' lang='lat' dir='ltr'>et</span> <span class='ocrx_word' id='word_1_68' title='bbox 997 1126 1172 1208; x_wconf 82' lang='lat' dir='ltr'>diphthongi</span> 
     </span>
     <span class='ocr_line' id='line_1_9' title="bbox 96 1211 1171 1297; baseline -0.006 -17"><span class='ocrx_word' id='word_1_69' title='bbox 96 1226 128 1280; x_wconf 87' lang='lat' dir='ltr'>et</span> <span class='ocrx_word' id='word_1_70' title='bbox 159 1233 236 1297; x_wconf 90' lang='lat' dir='ltr'>quae</span> <span class='ocrx_word' id='word_1_71' title='bbox 263 1233 282 1275; x_wconf 91' lang='lat' dir='ltr'>a</span> <span class='ocrx_word' id='word_1_72' title='bbox 312 1215 434 1278; x_wconf 84' lang='lat' dir='ltr'>Graecis</span> <span class='ocrx_word' id='word_1_73' title='bbox 460 1213 609 1276; x_wconf 86' lang='lat' dir='ltr'>Latinitas</span> <span class='ocrx_word' id='word_1_74' title='bbox 639 1220 684 1275; x_wconf 87' lang='lat' dir='ltr'>cst</span> <span class='ocrx_word' id='word_1_75' title='bbox 711 1219 858 1275; x_wconf 89' lang='lat' dir='ltr'>mutuata:</span> <span class='ocrx_word' id='word_1_76' title='bbox 888 1211 1075 1275; x_wconf 82' lang='lat' dir='ltr'>hirmiliorem</span> <span class='ocrx_word' id='word_1_77' title='bbox 1106 1231 1171 1275; x_wconf 83' lang='lat' dir='ltr'>aer-</span> 
     </span>
     <span class='ocr_line' id='line_1_10' title="bbox 96 1297 1172 1382; baseline -0.002 -18"><span class='ocrx_word' id='word_1_78' title='bbox 96 1320 213 1364; x_wconf 87' lang='lat' dir='ltr'>monem</span> <span class='ocrx_word' id='word_1_79' title='bbox 234 1301 344 1382; x_wconf 84' lang='lat' dir='ltr'>planae</span> <span class='ocrx_word' id='word_1_80' title='bbox 364 1301 437 1363; x_wconf 91' lang='lat' dir='ltr'>illae</span> <span class='ocrx_word' id='word_1_81' title='bbox 456 1307 486 1362; x_wconf 89' lang='lat' dir='ltr'>et</span> <span class='ocrx_word' id='word_1_82' title='bbox 513 1299 609 1362; x_wconf 82' lang='lat' dir='ltr'>exiles</span> <span class='ocrx_word' id='word_1_83' title='bbox 632 1297 644 1363; x_wconf 82' lang='grc' dir='ltr'><strong>Ι</strong></span> <span class='ocrx_word' id='word_1_84' title='bbox 668 1307 757 1379; x_wconf 84' lang='lat' dir='ltr'>atque</span> <span class='ocrx_word' id='word_1_85' title='bbox 778 1315 798 1362; x_wconf 90' lang='lat' dir='ltr'>e</span> <span class='ocrx_word' id='word_1_86' title='bbox 819 1298 905 1360; x_wconf 89' lang='lat' dir='ltr'>unice</span> <span class='ocrx_word' id='word_1_87' title='bbox 926 1298 1040 1361; x_wconf 83' lang='lat' dir='ltr'>decent.</span> <span class='ocrx_word' id='word_1_88' title='bbox 1084 1297 1172 1375; x_wconf 82' lang='lat' dir='ltr'>antl</span> 
     </span>
     <span class='ocr_line' id='line_1_11' title="bbox 95 1383 1198 1470; baseline -0.006 -18"><span class='ocrx_word' id='word_1_89' title='bbox 95 1387 287 1470; x_wconf 86' lang='lat' dir='ltr'>Propertium</span> <span class='ocrx_word' id='word_1_90' title='bbox 313 1387 431 1449; x_wconf 88' lang='lat' dir='ltr'>minime</span> <span class='ocrx_word' id='word_1_91' title='bbox 452 1386 622 1464; x_wconf 78' lang='lat' dir='ltr'>neglexisse</span> <span class='ocrx_word' id='word_1_92' title='bbox 649 1387 770 1458; x_wconf 87' lang='lat' dir='ltr'>sentiet,</span> <span class='ocrx_word' id='word_1_93' title='bbox 800 1384 852 1464; x_wconf 89' lang='lat' dir='ltr'>qui</span> <span class='ocrx_word' id='word_1_94' title='bbox 879 1401 998 1446; x_wconf 85' lang='lat' dir='ltr'>carmen</span> <span class='ocrx_word' id='word_1_95' title='bbox 1025 1383 1101 1446; x_wconf 87' lang='lat' dir='ltr'>illud</span> <span class='ocrx_word' id='word_1_96' title='bbox 1125 1384 1198 1446; x_wconf 40' lang='lat' dir='ltr'>oli-r</span> 
     </span>
     <span class='ocr_line' id='line_1_12' title="bbox 96 1469 1173 1556; baseline -0.005 -18"><span class='ocrx_word' id='word_1_97' title='bbox 96 1475 310 1556; x_wconf 79' lang='lat' dir='ltr'>thyrambioum</span> <span class='ocrx_word' id='word_1_98' title='bbox 330 1472 390 1549; x_wconf 88' lang='grc' dir='ltr'><strong>ΙΙΙ,</strong></span> <span class='ocrx_word' id='word_1_99' title='bbox 413 1477 464 1536; x_wconf 86' lang='lat'>17.</span> <span class='ocrx_word' id='word_1_100' title='bbox 488 1488 552 1534; x_wconf 88' lang='lat' dir='ltr'>oum</span> <span class='ocrx_word' id='word_1_101' title='bbox 580 1471 684 1551; x_wconf 86' lang='lat' dir='ltr'>quouis</span> <span class='ocrx_word' id='word_1_102' title='bbox 712 1469 801 1551; x_wconf 92' lang='lat' dir='ltr'>primi</span> <span class='ocrx_word' id='word_1_103' title='bbox 829 1469 901 1532; x_wconf 87' lang='lat' dir='ltr'>libri</span> <span class='ocrx_word' id='word_1_104' title='bbox 924 1472 1069 1533; x_wconf 90' lang='lat' dir='ltr'>amatorio</span> <span class='ocrx_word' id='word_1_105' title='bbox 1093 1487 1173 1533; x_wconf 90' lang='lat' dir='ltr'>com·</span> 
     </span>
     <span class='ocr_line' id='line_1_13' title="bbox 95 1555 1175 1644; baseline -0.005 -21"><span class='ocrx_word' id='word_1_106' title='bbox 95 1561 260 1644; x_wconf 76' lang='lat' dir='ltr'>paraverit.</span> <span class='ocrx_word' id='word_1_107' title='bbox 302 1559 416 1622; x_wconf 89' lang='lat' dir='ltr'>Rursus</span> <span class='ocrx_word' id='word_1_108' title='bbox 443 1558 591 1620; x_wconf 88' lang='lat' dir='ltr'>obscurae</span> <span class='ocrx_word' id='word_1_109' title='bbox 619 1557 693 1620; x_wconf 89' lang='lat' dir='ltr'>illae</span> <span class='ocrx_word' id='word_1_110' title='bbox 723 1562 753 1618; x_wconf 88' lang='lat' dir='ltr'>et</span> <span class='ocrx_word' id='word_1_111' title='bbox 778 1555 860 1619; x_wconf 79' lang='lat' dir='ltr'>velut</span> <span class='ocrx_word' id='word_1_112' title='bbox 886 1555 924 1617; x_wconf 83' lang='lat' dir='ltr'>tle</span> <span class='ocrx_word' id='word_1_113' title='bbox 951 1555 1101 1637; x_wconf 81' lang='lat' dir='ltr'>profundo</span> <span class='ocrx_word' id='word_1_114' title='bbox 1124 1573 1175 1618; x_wconf 85' lang='lat' dir='ltr'>so·</span> 
     </span>
     <span class='ocr_line' id='line_1_14' title="bbox 97 1642 1176 1726; baseline -0.006 -16"><span class='ocrx_word' id='word_1_115' title='bbox 97 1656 204 1710; x_wconf 87' lang='lat' dir='ltr'>nantes</span> <span class='ocrx_word' id='word_1_116' title='bbox 226 1656 367 1708; x_wconf 90' lang='lat' dir='ltr'>moestum</span> <span class='ocrx_word' id='word_1_117' title='bbox 387 1643 502 1724; x_wconf 88' lang='lat' dir='ltr'>aliquid</span> <span class='ocrx_word' id='word_1_118' title='bbox 523 1645 635 1707; x_wconf 84' lang='lat' dir='ltr'>liabent</span> <span class='ocrx_word' id='word_1_119' title='bbox 656 1652 684 1706; x_wconf 89' lang='lat' dir='ltr'>ct</span> <span class='ocrx_word' id='word_1_120' title='bbox 705 1642 842 1720; x_wconf 81' lang='lat' dir='ltr'>lugubre.</span> <span class='ocrx_word' id='word_1_121' title='bbox 887 1643 1077 1726; x_wconf 83' lang='lat' dir='ltr'>Quapropter</span> <span class='ocrx_word' id='word_1_122' title='bbox 1098 1644 1176 1725; x_wconf 90' lang='lat' dir='ltr'>opti·</span> 
     </span>
     <span class='ocr_line' id='line_1_15' title="bbox 97 1723 1111 1814; baseline -0.005 -17"><span class='ocrx_word' id='word_1_123' title='bbox 97 1751 145 1797; x_wconf 89' lang='lat' dir='ltr'>me</span> <span class='ocrx_word' id='word_1_124' title='bbox 165 1723 341 1814; x_wconf 77' lang='grc' dir='ltr'><em>ἕπικήδιον</em></span> <span class='ocrx_word' id='word_1_125' title='bbox 362 1732 393 1794; x_wconf 92' lang='lat' dir='ltr'>in</span> <span class='ocrx_word' id='word_1_126' title='bbox 410 1730 553 1794; x_wconf 81' lang='lat' dir='ltr'>Marcelli</span> <span class='ocrx_word' id='word_1_127' title='bbox 567 1738 695 1804; x_wconf 68' lang='lat' dir='ltr'>,mortem</span> <span class='ocrx_word' id='word_1_128' title='bbox 717 1727 761 1804; x_wconf 93' lang='grc' dir='ltr'>ΙΙ,</span> <span class='ocrx_word' id='word_1_129' title='bbox 783 1731 842 1804; x_wconf 84' lang='grc'>18,</span> <span class='ocrx_word' id='word_1_130' title='bbox 864 1731 892 1791; x_wconf 91' lang='grc'>1.</span> <span class='ocrx_word' id='word_1_131' title='bbox 915 1729 958 1790; x_wconf 88' lang='lat' dir='ltr'>sic</span> <span class='ocrx_word' id='word_1_132' title='bbox 982 1728 1111 1792; x_wconf 87' lang='lat' dir='ltr'>orditur:</span> 
     </span>
    </p>
   </div>
   <div class='ocr_carea' id='block_1_5' title="bbox 238 1831 1025 1918">
    <p class='ocr_par' dir='ltr' id='par_1_5' title="bbox 238 1831 1025 1918">
     <span class='ocr_line' id='line_1_16' title="bbox 238 1831 1025 1918; baseline -0.003 -16"><span class='ocrx_word' id='word_1_133' title='bbox 238 1850 353 1904; x_wconf 73' lang='lat' dir='ltr'>Olooson</span> <span class='ocrx_word' id='word_1_134' title='bbox 370 1847 404 1903; x_wconf 78' lang='lat' dir='ltr'>ab</span> <span class='ocrx_word' id='word_1_135' title='bbox 422 1849 545 1904; x_wconf 82' lang='lat' dir='ltr'>umbroso</span> <span class='ocrx_word' id='word_1_136' title='bbox 561 1833 731 1918; x_wconf 11' lang='lat' dir='ltr'>‘poopailodit</span> <span class='ocrx_word' id='word_1_137' title='bbox 749 1831 850 1901; x_wconf 78' lang='lat' dir='ltr'>Pontus</span> <span class='ocrx_word' id='word_1_138' title='bbox 867 1847 970 1902; x_wconf 80' lang='lat' dir='ltr'>Averso</span> <span class='ocrx_word' id='word_1_139' title='bbox 990 1875 1025 1887; x_wconf 98' lang='lat'>—</span> 
     </span>
    </p>
   </div>
   <div class='ocr_carea' id='block_1_6' title="bbox 98 1953 462 2039">
    <p class='ocr_par' dir='ltr' id='par_1_6' title="bbox 98 1953 462 2039">
     <span class='ocr_line' id='line_1_17' title="bbox 98 1953 462 2039; baseline -0.011 -17"><span class='ocrx_word' id='word_1_140' title='bbox 98 1958 229 2039; x_wconf 79' lang='lat' dir='ltr'>itemque</span> <span class='ocrx_word' id='word_1_141' title='bbox 250 1953 281 2017; x_wconf 93' lang='lat' dir='ltr'>in</span> <span class='ocrx_word' id='word_1_142' title='bbox 305 1953 462 2018; x_wconf 79' lang='lat' dir='ltr'>Cornelia:</span> 
     </span>
    </p>
   </div>
   <div class='ocr_carea' id='block_1_7' title="bbox 240 2071 1080 2280">
    <p class='ocr_par' dir='ltr' id='par_1_7' title="bbox 240 2071 1080 2280">
     <span class='ocr_line' id='line_1_18' title="bbox 242 2071 981 2142; baseline 0 -18"><span class='ocrx_word' id='word_1_143' title='bbox 242 2071 311 2124; x_wconf 80' lang='lat' dir='ltr'>Vota</span> <span class='ocrx_word' id='word_1_144' title='bbox 327 2079 429 2126; x_wconf 80' lang='lat' dir='ltr'>moneat</span> <span class='ocrx_word' id='word_1_145' title='bbox 445 2088 574 2140; x_wconf 78' lang='lat' dir='ltr'>superos:</span> <span class='ocrx_word' id='word_1_146' title='bbox 592 2072 637 2126; x_wconf 83' lang='lat' dir='ltr'>ull</span> <span class='ocrx_word' id='word_1_147' title='bbox 654 2073 771 2140; x_wconf 79' lang='lat' dir='ltr'>portitor</span> <span class='ocrx_word' id='word_1_148' title='bbox 788 2088 855 2126; x_wconf 80' lang='lat' dir='ltr'>uero</span> <span class='ocrx_word' id='word_1_149' title='bbox 872 2073 981 2142; x_wconf 81' lang='lat' dir='ltr'>recepit,</span> 
     </span>
     <span class='ocr_line' id='line_1_19' title="bbox 279 2139 843 2208; baseline 0.004 -16"><span class='ocrx_word' id='word_1_150' title='bbox 279 2140 391 2193; x_wconf 73' lang='lat' dir='ltr'>obsecrat</span> <span class='ocrx_word' id='word_1_151' title='bbox 409 2139 533 2194; x_wconf 77' lang='lat' dir='ltr'>herbosos</span> <span class='ocrx_word' id='word_1_152' title='bbox 550 2143 640 2194; x_wconf 84' lang='lat' dir='ltr'>lorido</span> <span class='ocrx_word' id='word_1_153' title='bbox 657 2149 737 2208; x_wconf 81' lang='lat' dir='ltr'>portu</span> <span class='ocrx_word' id='word_1_154' title='bbox 755 2158 843 2206; x_wconf 78' lang='lat' dir='ltr'>rapas.</span> 
     </span>
     <span class='ocr_line' id='line_1_20' title="bbox 240 2209 1080 2280; baseline 0.005 -20"><span class='ocrx_word' id='word_1_155' title='bbox 240 2209 287 2261; x_wconf 77' lang='lat' dir='ltr'>Sic</span> <span class='ocrx_word' id='word_1_156' title='bbox 302 2217 418 2263; x_wconf 79' lang='lat' dir='ltr'>moestae</span> <span class='ocrx_word' id='word_1_157' title='bbox 435 2214 548 2264; x_wconf 80' lang='lat' dir='ltr'>cecinere</span> <span class='ocrx_word' id='word_1_158' title='bbox 566 2211 660 2280; x_wconf 79' lang='lat' dir='ltr'>tuboe,</span> <span class='ocrx_word' id='word_1_159' title='bbox 680 2227 738 2264; x_wconf 85' lang='lat' dir='ltr'>com</span> <span class='ocrx_word' id='word_1_160' title='bbox 755 2211 861 2263; x_wconf 79' lang='lat' dir='ltr'>subdito</span> <span class='ocrx_word' id='word_1_161' title='bbox 878 2217 999 2263; x_wconf 84' lang='lat' dir='ltr'>austrum</span> <span class='ocrx_word' id='word_1_162' title='bbox 1017 2213 1080 2264; x_wconf 83' lang='lat' dir='ltr'>cett.</span> 
     </span>
    </p>
   </div>
   <div class='ocr_carea' id='block_1_8' title="bbox 103 2322 1184 2491">
    <p class='ocr_par' dir='ltr' id='par_1_8' title="bbox 103 2322 1184 2491">
     <span class='ocr_line' id='line_1_21' title="bbox 103 2322 1184 2404; baseline -0.001 -17"><span class='ocrx_word' id='word_1_163' title='bbox 103 2323 168 2388; x_wconf 74' lang='lat' dir='ltr'>lieo</span> <span class='ocrx_word' id='word_1_164' title='bbox 190 2322 414 2386; x_wconf 91' lang='lat' dir='ltr'>consonantium</span> <span class='ocrx_word' id='word_1_165' title='bbox 433 2323 545 2404; x_wconf 88' lang='lat' dir='ltr'>ubique</span> <span class='ocrx_word' id='word_1_166' title='bbox 563 2323 642 2386; x_wconf 86' lang='lat' dir='ltr'>idem</span> <span class='ocrx_word' id='word_1_167' title='bbox 660 2341 742 2387; x_wconf 88' lang='lat' dir='ltr'>osus.</span> <span class='ocrx_word' id='word_1_168' title='bbox 785 2323 862 2388; x_wconf 83' lang='lat' dir='ltr'>llam</span> <span class='ocrx_word' id='word_1_169' title='bbox 879 2339 945 2385; x_wconf 87' lang='lat' dir='ltr'>eom</span> <span class='ocrx_word' id='word_1_170' title='bbox 965 2323 996 2384; x_wconf 91' lang='lat' dir='ltr'>in</span> <span class='ocrx_word' id='word_1_171' title='bbox 1015 2324 1184 2387; x_wconf 85' lang='lat' dir='ltr'>uniuersum</span> 
     </span>
     <span class='ocr_line' id='line_1_22' title="bbox 103 2409 1183 2491; baseline 0.001 -20"><span class='ocrx_word' id='word_1_172' title='bbox 103 2411 204 2472; x_wconf 88' lang='lat' dir='ltr'>rarius</span> <span class='ocrx_word' id='word_1_173' title='bbox 226 2409 424 2490; x_wconf 73' lang='lat' dir='ltr'>positaenum</span> <span class='ocrx_word' id='word_1_174' title='bbox 448 2420 477 2474; x_wconf 90' lang='lat' dir='ltr'>et</span> <span class='ocrx_word' id='word_1_175' title='bbox 499 2411 676 2490; x_wconf 87' lang='lat' dir='ltr'>liquidae</span> <span class='ocrx_word' id='word_1_176' title='bbox 698 2419 727 2472; x_wconf 90' lang='lat' dir='ltr'>et</span> <span class='ocrx_word' id='word_1_177' title='bbox 749 2411 945 2491; x_wconf 88' lang='lat' dir='ltr'>spirantes</span> <span class='ocrx_word' id='word_1_178' title='bbox 970 2416 999 2473; x_wconf 87' lang='lat' dir='ltr'>et</span> <span class='ocrx_word' id='word_1_179' title='bbox 1019 2410 1097 2472; x_wconf 87' lang='lat' dir='ltr'>inter</span> <span class='ocrx_word' id='word_1_180' title='bbox 1119 2429 1183 2472; x_wconf 91' lang='lat' dir='ltr'>mn·</span> 
     </span>
    </p>
   </div>
   <div class='ocr_carea' id='block_1_9' title="bbox 103 2495 1183 2595">
    <p class='ocr_par' dir='ltr' id='par_1_9' title="bbox 103 2495 1183 2595">
     <span class='ocr_line' id='line_1_23' title="bbox 103 2495 1183 2595; baseline 0.002 -36"><span class='ocrx_word' id='word_1_181' title='bbox 103 2505 151 2559; x_wconf 86' lang='lat' dir='ltr'>tas</span> <span class='ocrx_word' id='word_1_182' title='bbox 174 2495 324 2561; x_wconf 90' lang='lat' dir='ltr'>mediae</span> <span class='ocrx_word' id='word_1_183' title='bbox 346 2495 464 2586; x_wconf 84' lang='lat' dir='ltr'>mollem</span> <span class='ocrx_word' id='word_1_184' title='bbox 483 2496 614 2559; x_wconf 88' lang='lat' dir='ltr'>eillciunt</span> <span class='ocrx_word' id='word_1_185' title='bbox 635 2505 665 2560; x_wconf 87' lang='lat' dir='ltr'>et</span> <span class='ocrx_word' id='word_1_186' title='bbox 687 2514 806 2558; x_wconf 81' lang='lat' dir='ltr'>suavem</span> <span class='ocrx_word' id='word_1_187' title='bbox 822 2514 936 2576; x_wconf 86' lang='lat' dir='ltr'>sonum,</span> <span class='ocrx_word' id='word_1_188' title='bbox 956 2496 1054 2579; x_wconf 87' lang='lat' dir='ltr'>qualis</span> <span class='ocrx_word' id='word_1_189' title='bbox 1073 2497 1105 2558; x_wconf 93' lang='lat' dir='ltr'>in</span> <span class='ocrx_word' id='word_1_190' title='bbox 1120 2498 1183 2595; x_wconf 67' lang='lat' dir='ltr'>liis:</span> 
     </span>
    </p>
   </div>
   <div class='ocr_carea' id='block_1_10' title="bbox 249 2621 883 2760">
    <p class='ocr_par' dir='ltr' id='par_1_10' title="bbox 249 2621 883 2760">
     <span class='ocr_line' id='line_1_24' title="bbox 249 2621 883 2688; baseline 0.003 -14"><span class='ocrx_word' id='word_1_191' title='bbox 249 2622 307 2686; x_wconf 83' lang='lat' dir='ltr'>Quo</span> <span class='ocrx_word' id='word_1_192' title='bbox 325 2623 446 2688; x_wconf 72' lang='lat' dir='ltr'>formoso</span> <span class='ocrx_word' id='word_1_193' title='bbox 463 2641 512 2676; x_wconf 77' lang='lat' dir='ltr'>suso</span> <span class='ocrx_word' id='word_1_194' title='bbox 533 2623 680 2678; x_wconf 77' lang='lat' dir='ltr'>Clitumnus</span> <span class='ocrx_word' id='word_1_195' title='bbox 696 2621 805 2684; x_wconf 76' lang='lat' dir='ltr'>ilomiuu</span> <span class='ocrx_word' id='word_1_196' title='bbox 824 2625 883 2677; x_wconf 86' lang='lat' dir='ltr'>ioco</span> 
     </span>
     <span class='ocr_line' id='line_1_25' title="bbox 280 2690 879 2760; baseline 0.002 -18"><span class='ocrx_word' id='word_1_197' title='bbox 280 2692 393 2760; x_wconf 74' lang='lat' dir='ltr'>lotepit,</span> <span class='ocrx_word' id='word_1_198' title='bbox 412 2699 437 2744; x_wconf 86' lang='lat' dir='ltr'>et</span> <span class='ocrx_word' id='word_1_199' title='bbox 454 2695 542 2745; x_wconf 81' lang='lat' dir='ltr'>reioeos</span> <span class='ocrx_word' id='word_1_200' title='bbox 560 2691 644 2744; x_wconf 76' lang='lat' dir='ltr'>abluit</span> <span class='ocrx_word' id='word_1_201' title='bbox 660 2693 734 2743; x_wconf 79' lang='lat' dir='ltr'>uodo</span> <span class='ocrx_word' id='word_1_202' title='bbox 750 2690 827 2744; x_wconf 83' lang='lat' dir='ltr'>bones</span> <span class='ocrx_word' id='word_1_203' title='bbox 844 2719 879 2731; x_wconf 92' lang='lat'>-</span> 
     </span>
    </p>
   </div>
   <div class='ocr_carea' id='block_1_11' title="bbox 106 2763 879 2914">
    <p class='ocr_par' dir='ltr' id='par_1_11' title="bbox 106 2763 879 2914">
     <span class='ocr_line' id='line_1_26' title="bbox 106 2763 879 2914; baseline 0.003 -16"><span class='ocrx_word' id='word_1_204' title='bbox 106 2763 173 2828; x_wconf 47' lang='lat' dir='ltr'><strong>vel·</strong></span> <span class='ocrx_word' id='word_1_205' title='bbox 247 2847 371 2912; x_wconf 79' lang='lat' dir='ltr'>Qrsomois</span> <span class='ocrx_word' id='word_1_206' title='bbox 391 2847 437 2898; x_wconf 83' lang='lat' dir='ltr'>ille</span> <span class='ocrx_word' id='word_1_207' title='bbox 452 2862 503 2898; x_wconf 86' lang='lat' dir='ltr'>suo</span> <span class='ocrx_word' id='word_1_208' title='bbox 519 2846 608 2898; x_wconf 81' lang='lat' dir='ltr'>iussos</span> <span class='ocrx_word' id='word_1_209' title='bbox 622 2845 770 2914; x_wconf 77' lang='lat' dir='ltr'>requiescat</span> <span class='ocrx_word' id='word_1_210' title='bbox 785 2861 879 2900; x_wconf 78' lang='lat' dir='ltr'>cocao.</span> 
     </span>
    </p>
   </div>
   <div class='ocr_carea' id='block_1_12' title="bbox 109 2964 1189 3220">
    <p class='ocr_par' dir='ltr' id='par_1_12' title="bbox 109 2964 1189 3220">
     <span class='ocr_line' id='line_1_27' title="bbox 109 2964 1188 3046; baseline -0.002 -16"><span class='ocrx_word' id='word_1_211' title='bbox 109 2965 225 3030; x_wconf 84' lang='lat' dir='ltr'>Contra</span> <span class='ocrx_word' id='word_1_212' title='bbox 247 2965 356 3034; x_wconf 86' lang='lat' dir='ltr'>densae</span> <span class='ocrx_word' id='word_1_213' title='bbox 379 2974 409 3030; x_wconf 89' lang='lat' dir='ltr'>et</span> <span class='ocrx_word' id='word_1_214' title='bbox 429 2975 533 3029; x_wconf 87' lang='lat' dir='ltr'>tenues</span> <span class='ocrx_word' id='word_1_215' title='bbox 557 2974 586 3029; x_wconf 93' lang='lat' dir='ltr'>et</span> <span class='ocrx_word' id='word_1_216' title='bbox 611 2964 753 3046; x_wconf 84' lang='lat' dir='ltr'>frequens</span> <span class='ocrx_word' id='word_1_217' title='bbox 779 2965 883 3030; x_wconf 85' lang='lat' dir='ltr'>littera</span> <span class='ocrx_word' id='word_1_218' title='bbox 905 2965 1012 3030; x_wconf 90' lang='lat' dir='ltr'>canina</span> <span class='ocrx_word' id='word_1_219' title='bbox 1033 2964 1188 3046; x_wconf 78' lang='lat' dir='ltr'>fragorem</span> 
     </span>
     <span class='ocr_line' id='line_1_28' title="bbox 110 3051 1189 3136; baseline 0 -22"><span class='ocrx_word' id='word_1_220' title='bbox 110 3055 191 3115; x_wconf 89' lang='lat' dir='ltr'>cient</span> <span class='ocrx_word' id='word_1_221' title='bbox 218 3060 248 3116; x_wconf 85' lang='lat' dir='ltr'>ei</span> <span class='ocrx_word' id='word_1_222' title='bbox 273 3055 436 3135; x_wconf 86' lang='lat' dir='ltr'>crepitum,</span> <span class='ocrx_word' id='word_1_223' title='bbox 467 3054 626 3133; x_wconf 83' lang='lat' dir='ltr'>expetitum</span> <span class='ocrx_word' id='word_1_224' title='bbox 654 3051 802 3116; x_wconf 88' lang='lat' dir='ltr'>interdum</span> <span class='ocrx_word' id='word_1_225' title='bbox 829 3054 861 3116; x_wconf 93' lang='lat' dir='ltr'>in</span> <span class='ocrx_word' id='word_1_226' title='bbox 886 3052 1095 3136; x_wconf 81' lang='lat' dir='ltr'>descriptionis</span> <span class='ocrx_word' id='word_1_227' title='bbox 1126 3052 1189 3118; x_wconf 83' lang='lat' dir='ltr'>cti·</span> 
     </span>
     <span class='ocr_line' id='line_1_29' title="bbox 111 3140 628 3220; baseline -0.006 -17"><span class='ocrx_word' id='word_1_228' title='bbox 111 3140 256 3216; x_wconf 68' lang='lat' dir='ltr'>domnam,</span> <span class='ocrx_word' id='word_1_229' title='bbox 278 3149 311 3204; x_wconf 88' lang='lat' dir='ltr'>nt</span> <span class='ocrx_word' id='word_1_230' title='bbox 330 3140 390 3216; x_wconf 94' lang='grc' dir='ltr'><strong>ΙΙΙ,</strong></span> <span class='ocrx_word' id='word_1_231' title='bbox 415 3144 469 3216; x_wconf 86' lang='grc'>17,</span> <span class='ocrx_word' id='word_1_232' title='bbox 493 3141 544 3202; x_wconf 85' lang='grc'>33.</span> <span class='ocrx_word' id='word_1_233' title='bbox 565 3159 628 3220; x_wconf 72' lang='lat' dir='ltr'>sep:</span> 
     </span>
    </p>
   </div>
   <div class='ocr_carea' id='block_1_13' title="bbox 253 3265 925 3404">
    <p class='ocr_par' dir='ltr' id='par_1_13' title="bbox 253 3265 925 3404">
     <span class='ocr_line' id='line_1_30' title="bbox 253 3265 925 3335; baseline -0.003 -15"><span class='ocrx_word' id='word_1_234' title='bbox 253 3267 349 3320; x_wconf 79' lang='lat' dir='ltr'>Mollia</span> <span class='ocrx_word' id='word_1_235' title='bbox 365 3269 496 3320; x_wconf 80' lang='lat' dir='ltr'>Dircaeae</span> <span class='ocrx_word' id='word_1_236' title='bbox 511 3266 656 3334; x_wconf 76' lang='lat' dir='ltr'>pulsabunt</span> <span class='ocrx_word' id='word_1_237' title='bbox 671 3273 796 3333; x_wconf 76' lang='lat' dir='ltr'>tympano</span> <span class='ocrx_word' id='word_1_238' title='bbox 813 3265 925 3335; x_wconf 69' lang='lat' dir='ltr'>menae,</span> 
     </span>
     <span class='ocr_line' id='line_1_31' title="bbox 289 3336 910 3404; baseline 0.002 -17"><span class='ocrx_word' id='word_1_239' title='bbox 289 3336 450 3404; x_wconf 75' lang='lat' dir='ltr'>Cupripedes</span> <span class='ocrx_word' id='word_1_240' title='bbox 469 3338 572 3387; x_wconf 80' lang='lat' dir='ltr'>column</span> <span class='ocrx_word' id='word_1_241' title='bbox 591 3337 679 3389; x_wconf 81' lang='lat' dir='ltr'>Panes</span> <span class='ocrx_word' id='word_1_242' title='bbox 695 3337 784 3390; x_wconf 76' lang='lat' dir='ltr'>hloote</span> <span class='ocrx_word' id='word_1_243' title='bbox 803 3344 910 3388; x_wconf 80' lang='lat' dir='ltr'>cucurti.</span> 
     </span>
    </p>
   </div>
   <div class='ocr_carea' id='block_1_14' title="bbox 115 3447 1196 3514">
    <p class='ocr_par' dir='ltr' id='par_1_14' title="bbox 115 3447 1196 3514">
     <span class='ocr_line' id='line_1_32' title="bbox 115 3447 1196 3514; baseline -0.005 -3"><span class='ocrx_word' id='word_1_244' title='bbox 115 3447 225 3511; x_wconf 80' lang='lat' dir='ltr'>Verum</span> <span class='ocrx_word' id='word_1_245' title='bbox 254 3447 303 3510; x_wconf 84' lang='lat' dir='ltr'>nio</span> <span class='ocrx_word' id='word_1_246' title='bbox 334 3465 397 3510; x_wconf 88' lang='lat' dir='ltr'>oum</span> <span class='ocrx_word' id='word_1_247' title='bbox 424 3449 524 3510; x_wconf 88' lang='lat' dir='ltr'>omnia</span> <span class='ocrx_word' id='word_1_248' title='bbox 549 3448 608 3509; x_wconf 88' lang='lat' dir='ltr'>iarn</span> <span class='ocrx_word' id='word_1_249' title='bbox 636 3447 764 3513; x_wconf 82' lang='lat' dir='ltr'>artificia</span> <span class='ocrx_word' id='word_1_250' title='bbox 791 3449 848 3510; x_wconf 90' lang='lat' dir='ltr'>illa</span> <span class='ocrx_word' id='word_1_251' title='bbox 876 3447 963 3514; x_wconf 86' lang='lat' dir='ltr'>simul</span> <span class='ocrx_word' id='word_1_252' title='bbox 992 3447 1024 3510; x_wconf 94' lang='lat' dir='ltr'>in</span> <span class='ocrx_word' id='word_1_253' title='bbox 1045 3453 1196 3508; x_wconf 88' lang='lat' dir='ltr'>certamen</span> 
     </span>
    </p>
   </div>
   <div class='ocr_carea' id='block_1_15' title="bbox 115 3524 1194 3698">
    <p class='ocr_par' dir='ltr' id='par_1_15' title="bbox 115 3524 1194 3698">
     <span class='ocr_line' id='line_1_33' title="bbox 115 3524 1194 3617; baseline -0.001 -21"><span class='ocrx_word' id='word_1_254' title='bbox 115 3536 253 3611; x_wconf 85' lang='lat' dir='ltr'>ueniant,</span> <span class='ocrx_word' id='word_1_255' title='bbox 281 3551 341 3596; x_wconf 89' lang='lat' dir='ltr'>non</span> <span class='ocrx_word' id='word_1_256' title='bbox 370 3536 477 3616; x_wconf 88' lang='lat' dir='ltr'>procul</span> <span class='ocrx_word' id='word_1_257' title='bbox 504 3535 590 3600; x_wconf 89' lang='lat' dir='ltr'>abest</span> <span class='ocrx_word' id='word_1_258' title='bbox 616 3535 650 3599; x_wconf 77' lang='lat' dir='ltr'>iul</span> <span class='ocrx_word' id='word_1_259' title='bbox 677 3552 786 3616; x_wconf 83' lang='lat' dir='ltr'>genus,</span> <span class='ocrx_word' id='word_1_260' title='bbox 816 3534 898 3617; x_wconf 81' lang='lat' dir='ltr'>qnotl</span> <span class='ocrx_word' id='word_1_261' title='bbox 927 3524 1194 3614; x_wconf 74' lang='grc' dir='ltr'><strong><em>ὀνοματοποιΐαν</em></strong></span> 
     </span>
     <span class='ocr_line' id='line_1_34' title="bbox 116 3620 461 3698; baseline -0.009 -13"><span class='ocrx_word' id='word_1_262' title='bbox 116 3629 240 3698; x_wconf 83' lang='lat' dir='ltr'>uocant,</span> <span class='ocrx_word' id='word_1_263' title='bbox 261 3620 312 3696; x_wconf 88' lang='lat' dir='ltr'>tv,</span> <span class='ocrx_word' id='word_1_264' title='bbox 335 3622 371 3697; x_wconf 82' lang='grc'>8,</span> <span class='ocrx_word' id='word_1_265' title='bbox 393 3626 461 3686; x_wconf 67' lang='lat' dir='ltr'>nil:</span> 
     </span>
    </p>
   </div>
   <div class='ocr_carea' id='block_1_16' title="bbox 261 3716 930 3873">
    <p class='ocr_par' dir='ltr' id='par_1_16' title="bbox 261 3716 930 3873">
     <span class='ocr_line' id='line_1_35' title="bbox 261 3716 923 3803; baseline 0.003 -15"><span class='ocrx_word' id='word_1_266' title='bbox 261 3734 326 3788; x_wconf 74' lang='lat' dir='ltr'>Gom</span> <span class='ocrx_word' id='word_1_267' title='bbox 345 3735 432 3787; x_wconf 80' lang='lat' dir='ltr'>solito</span> <span class='ocrx_word' id='word_1_268' title='bbox 451 3736 528 3788; x_wconf 84' lang='lat' dir='ltr'>roooi</span> <span class='ocrx_word' id='word_1_269' title='bbox 548 3716 693 3788; x_wconf 78' lang='lat' dir='ltr'>souueroat&#39;</span> <span class='ocrx_word' id='word_1_270' title='bbox 710 3735 817 3788; x_wconf 81' lang='lat' dir='ltr'>sardine</span> <span class='ocrx_word' id='word_1_271' title='bbox 833 3743 923 3803; x_wconf 79' lang='lat' dir='ltr'>poetae</span> 
     </span>
     <span class='ocr_line' id='line_1_36' title="bbox 291 3805 930 3873; baseline 0.006 -17"><span class='ocrx_word' id='word_1_272' title='bbox 291 3806 327 3856; x_wconf 84' lang='lat' dir='ltr'>Et</span> <span class='ocrx_word' id='word_1_273' title='bbox 344 3805 413 3856; x_wconf 75' lang='lat' dir='ltr'>isoio</span> <span class='ocrx_word' id='word_1_274' title='bbox 430 3805 466 3856; x_wconf 79' lang='lat' dir='ltr'>ad</span> <span class='ocrx_word' id='word_1_275' title='bbox 483 3805 585 3873; x_wconf 82' lang='lat' dir='ltr'>primos</span> <span class='ocrx_word' id='word_1_276' title='bbox 600 3821 739 3858; x_wconf 83' lang='lat' dir='ltr'>murmuro</span> <span class='ocrx_word' id='word_1_277' title='bbox 755 3805 829 3871; x_wconf 76' lang='lat' dir='ltr'>suctu</span> <span class='ocrx_word' id='word_1_278' title='bbox 847 3807 930 3860; x_wconf 73' lang='lat' dir='ltr'>leores.</span> 
     </span>
    </p>
   </div>
   <div class='ocr_carea' id='block_1_17' title="bbox 120 3910 945 4133">
    <p class='ocr_par' dir='ltr' id='par_1_17' title="bbox 120 3910 945 4133">
     <span class='ocr_line' id='line_1_37' title="bbox 120 3910 322 3989; baseline 0.01 -17"><span class='ocrx_word' id='word_1_279' title='bbox 120 3910 171 3989; x_wconf 85' lang='grc' dir='ltr'><strong>ΙΙΙ,</strong></span> <span class='ocrx_word' id='word_1_280' title='bbox 191 3912 231 3988; x_wconf 85' lang='grc'>4,</span> <span class='ocrx_word' id='word_1_281' title='bbox 254 3910 322 3975; x_wconf 60' lang='lat' dir='ltr'>lom</span> 
     </span>
     <span class='ocr_line' id='line_1_38' title="bbox 533 3994 933 4049; baseline 0.008 -3"><span class='ocrx_word' id='word_1_282' title='bbox 533 4021 569 4036; x_wconf 87' lang='lat'>-·-</span> <span class='ocrx_word' id='word_1_283' title='bbox 603 3994 705 4048; x_wconf 77' lang='lat' dir='ltr'>tubicen</span> <span class='ocrx_word' id='word_1_284' title='bbox 721 3994 808 4046; x_wconf 62' lang='lat' dir='ltr'>mauu</span> <span class='ocrx_word' id='word_1_285' title='bbox 828 3995 933 4049; x_wconf 74' lang='lat' dir='ltr'>careus</span> 
     </span>
     <span class='ocr_line' id='line_1_39' title="bbox 299 4064 945 4133; baseline 0.003 -17"><span class='ocrx_word' id='word_1_286' title='bbox 299 4064 366 4118; x_wconf 73' lang='lat' dir='ltr'>Gom</span> <span class='ocrx_word' id='word_1_287' title='bbox 382 4069 476 4133; x_wconf 78' lang='lat' dir='ltr'>quater</span> <span class='ocrx_word' id='word_1_288' title='bbox 495 4069 521 4116; x_wconf 85' lang='lat' dir='ltr'>at</span> <span class='ocrx_word' id='word_1_289' title='bbox 537 4064 607 4117; x_wconf 84' lang='lat' dir='ltr'>leuto</span> <span class='ocrx_word' id='word_1_290' title='bbox 625 4079 758 4118; x_wconf 80' lang='lat' dir='ltr'>murmure</span> <span class='ocrx_word' id='word_1_291' title='bbox 775 4079 849 4116; x_wconf 80' lang='lat' dir='ltr'>samo</span> <span class='ocrx_word' id='word_1_292' title='bbox 864 4065 945 4118; x_wconf 84' lang='lat' dir='ltr'>lonis.</span> 
     </span>
    </p>
   </div>
   <div class='ocr_carea' id='block_1_18' title="bbox 125 4168 322 4246">
    <p class='ocr_par' dir='ltr' id='par_1_18' title="bbox 125 4168 322 4246">
     <span class='ocr_line' id='line_1_40' title="bbox 125 4168 322 4246; baseline -0.015 -12"><span class='ocrx_word' id='word_1_293' title='bbox 125 4168 232 4246; x_wconf 82' lang='lat' dir='ltr'>1v‚a,</span> <span class='ocrx_word' id='word_1_294' title='bbox 254 4169 322 4234; x_wconf 79' lang='lat'><strong>65.=</strong></span> 
     </span>
    </p>
   </div>
   <div class='ocr_carea' id='block_1_19' title="bbox 264 4285 1005 4426">
    <p class='ocr_par' dir='ltr' id='par_1_19' title="bbox 264 4285 1005 4426">
     <span class='ocr_line' id='line_1_41' title="bbox 264 4285 1005 4356; baseline -0.004 -16"><span class='ocrx_word' id='word_1_295' title='bbox 264 4285 390 4340; x_wconf 77' lang='lat' dir='ltr'>Plombea</span> <span class='ocrx_word' id='word_1_296' title='bbox 408 4303 466 4339; x_wconf 85' lang='lat' dir='ltr'>com</span> <span class='ocrx_word' id='word_1_297' title='bbox 483 4292 571 4340; x_wconf 82' lang='lat' dir='ltr'>tortae</span> <span class='ocrx_word' id='word_1_298' title='bbox 588 4293 751 4356; x_wconf 80' lang='lat' dir='ltr'>sporptmtor</span> <span class='ocrx_word' id='word_1_299' title='bbox 768 4285 883 4354; x_wconf 78' lang='lat' dir='ltr'>pondere</span> <span class='ocrx_word' id='word_1_300' title='bbox 898 4285 1005 4353; x_wconf 77' lang='lat' dir='ltr'>saudan,</span> 
     </span>
     <span class='ocr_line' id='line_1_42' title="bbox 300 4355 924 4426; baseline 0.002 -19"><span class='ocrx_word' id='word_1_301' title='bbox 300 4355 435 4409; x_wconf 70' lang='lat' dir='ltr'>subdolus</span> <span class='ocrx_word' id='word_1_302' title='bbox 454 4363 480 4409; x_wconf 84' lang='lat' dir='ltr'>at</span> <span class='ocrx_word' id='word_1_303' title='bbox 495 4358 579 4410; x_wconf 64' lang='lat' dir='ltr'>ueras</span> <span class='ocrx_word' id='word_1_304' title='bbox 596 4359 716 4426; x_wconf 79' lang='lat' dir='ltr'>icorepul</span> <span class='ocrx_word' id='word_1_305' title='bbox 734 4372 814 4410; x_wconf 72' lang='lat' dir='ltr'>mous</span> <span class='ocrx_word' id='word_1_306' title='bbox 830 4356 924 4424; x_wconf 53' lang='lat' dir='ltr'>eoum</span> 
     </span>
    </p>
   </div>
   <div class='ocr_carea' id='block_1_20' title="bbox 0 0 1429 4974">
    <p class='ocr_par' dir='ltr' id='par_1_20' title="bbox 0 0 1429 4974">
     <span class='ocr_line' id='line_1_43' title="bbox 0 0 1429 4974; baseline 0 0"><span class='ocrx_word' id='word_1_307' title='bbox 0 0 1429 4974; x_wconf 95' lang='lat' dir='ltr'> </span> 
     </span>
    </p>
   </div>
  </div>
 </body>
</html>
