2822 4976
254 331 332 418 250
351 387 356 444 .'
510 399 514 410 .
587 345 782 410 Quaestionum
799 345 882 405 Libet
898 345 1005 404 tertius.

255 518 493 588 distributionem
513 515 653 584 deserere
675 527 798 584 oountns
827 519 884 595 rit,
911 534 1086 601 quamquam
1107 534 1177 584 sero
1198 518 1260 583 eins
1276 519 1316 584 rei

254 607 438 691 poenituisse
457 625 520 669 enm
536 607 693 670 Sentenins
714 614 826 671 namet.
867 605 1170 687 Praeterea-quanto
1191 605 1315 687 superio·

254 712 306 760 res
332 694 452 757 oritioos
482 693 634 757 doetrinae
658 694 744 773 eopia
767 702 796 755 et
823 690 938 754 laboris
965 693 1109 773 patientia
1129 693 1216 767 rioit,
1241 701 1314 756 tauto

237 780 372 863 ‘pulchri
401 797 490 842 sensu
516 788 545 842 et
578 779 698 858 iugenio
727 776 777 842 uel
800 777 990 842 Bronlsbueio
1020 786 1066 841 est
1098 778 1235 842 interior.
1280 779 1315 842 lis

255 866 349 940 euim,
372 882 447 946 quas
468 866 533 945 ipse
555 866 678 941 inuenit,
700 865 894 941 coniecturis,
916 881 953 926 ue
973 865 1066 926 semel
1087 865 1206 945 quidem
1228 882 1316 926 enen·

255 950 356 1017 datum
390 968 455 1014 esse
482 951 669 1032 Propertium
700 949 826 1013 memini.
882 949 982 1027 Quare
1011 951 1104 1012 omnis
1132 952 1190 1014 iste
1219 950 1315 1013 dootae

253 1037 420 1116 farraginis
448 1052 569 1100 aceruus
592 1038 695 1118 paneis
723 1037 776 1100 sed
799 1037 898 1099 aureis
921 1037 1208 1100 llemsterbusii
1236 1037 1315 1117 pegi·

130 1187 132 1194 ,
253 1125 300 1188 nis
328 1124 397 1186 mibi
423 1129 543 1199 ueneat,
571 1124 677 1203 quibus
702 1122 860 1187 Santenius
889 1139 953 1184 eam
981 1123 1137 1186 editionem
1161 1122 1315 1186 decorarit.

255 1209 438 1291 Quamquam
468 1226 527 1272 non
559 1210 748 1290 negauerim,
778 1210 1016 1271 commentarium
1044 1225 1126 1284 eum,
1159 1217 1193 1271 ut
1217 1209 1315 1271 leotari

253 1305 362 1378 poetae
385 1294 518 1359 studioso
542 1297 793 1371 molestissimum,
822 1293 866 1357 ita
888 1295 987 1359 iuturo
1010 1293 1121 1358 editori
1146 1296 1249 1375 utique
1269 1312 1315 1356 ne·

251 1382 412 1445 eessarium
433 1399 509 1444 esse.
553 1381 785 1444 Consummatem
808 1381 885 1442 enim
905 1382 1035 1445 eontinet
1055 1382 1226 1457 materiam,
1246 1377 1316 1444 unde

254 1467 401 1531 editorum
429 1467 693 1549 Propertianorum
722 1468 847 1530 historia
878 1467 983 1530 oonboi
1012 1467 1116 1547 possit.
1168 1467 1230 1532 Sed
1259 1483 1316 1528 oum

252 1553 376 1631 iudicii,
402 1572 488 1634 quam
518 1555 763 1634 signifioerimus,
785 1552 938 1616 infirmitas
961 1563 990 1616 et
1011 1555 1212 1617 iuoonstantia
1231 1555 1316 1634 inpe-

254 1639 348 1717 diret,
370 1642 522 1721 quominus
542 1641 604 1702 illis
624 1642 719 1721 eopiis
739 1638 779 1702 ad
800 1638 983 1702 recensenda
1001 1640 1132 1701 earmina
1154 1641 1222 1721 ipsa
1241 1648 1315 1702 reete

252 1735 403 1801 uteretur,
431 1726 591 1789 similitudo
618 1725 761 1808 quaedum
788 1736 858 1790 nata
880 1735 925 1789 est
946 1744 1010 1788 oum
1032 1725 1179 1788 Beroaldi
1202 1727 1314 1806 eiusque

253 1812 424 1894 aequalium
446 1813 623 1889 laboribus,
649 1813 780 1894 quamuis
807 1821 933 1888 mutato,
961 1820 992 1873 ut
1018 1821 1247 1875 cousentaneum
1268 1819 1315 1886 est,

252 1916 317 1962 oum
339 1907 500 1979 temporum
522 1900 687 1963 rationibus
711 1899 846 1962 oonsilio.
890 1900 930 1962 Ut
951 1898 1025 1961 enim
1048 1914 1107 1960 non
1128 1908 1248 1980 poetae,
1266 1893 1314 1962 sed

252 1985 452 2066 suiipsorum
472 2003 563 2049 eausa
584 1986 786 2048 commentarii
807 1983 911 2066 scripti
938 2001 1003 2048 esse
1024 1983 1179 2060 ridentur,
1207 1989 1251 2047 ita
1274 1993 1315 2046 ta·

252 2089 319 2136 men
348 2072 395 2134 bio
419 2089 482 2135 non
510 2073 616 2135 infanti
649 2071 801 2134 auditorio
833 2071 929 2153 prime
960 2069 1126 2133 litterarum
1158 2070 1315 2133 rudimenta

252 2155 414 2233 dictantur,
442 2156 495 2222 sed
523 2157 648 2222 eruditis
670 2158 756 2240 illius
784 2158 924 2238 temporis
944 2156 1017 2219 uiris
1040 2155 1179 2220 doctrina
1200 2157 1314 2220 editoris

252 2243 418 2324 explicatur
435 2254 465 2307 et
485 2246 681 2326 approbatur.
722 2243 826 2323 ltaque
847 2243 1203 2306 commentariorum
1224 2244 1314 2325 potim

252 2332 387 2413 priorum
413 2330 623 2394 historiam
643 2328 693 2393 rel
714 2330 846 2392 oritiuam
866 2329 1050 2392 Burmannus
1072 2329 1211 2410 scripsit,
1236 2345 1315 2411 quan

251 2425 370 2499 poetae.
414 2415 546 2495 Quorum
566 2417 693 2479 oonsilio
712 2416 869 2495 cognatum
889 2414 1013 2476 alterum
1035 2415 1146 2490 uitium,
1167 2433 1205 2478 ea
1225 2422 1316 2478 aetate

251 2520 394 2586 perquam
414 2504 557 2582 vulgare,
579 2503 662 2567 utin
683 2511 854 2565 mansoursu
874 2500 979 2563 multos
1003 2501 1170 2563 aliorum
1198 2503 1316 2583 scripto·

250 2607 316 2653 num
337 2589 422 2652 locos
444 2588 603 2652 emendare
630 2598 659 2651 et
688 2588 838 2671 explicare
860 2587 956 2649 multis
987 2587 1129 2649 marbinis
1152 2599 1315 2660 conaretur,

251 2675 368 2740 etiamsi
391 2675 430 2739 ad
450 2675 655 2740 illustrandam
677 2693 756 2751 eam,
778 2692 865 2756 quam
883 2681 1044 2749 tractaret,
1072 2690 1194 2736 oausam
1220 2689 1316 2757 parum

251 2763 432 2826 oonlerrent.
484 2761 571 2839 Quod
598 2779 662 2824 oum
693 2777 843 2823 commuue
871 2759 935 2821 eius
965 2759 1079 2821 saeouli
1104 2759 1207 2823 uitium
1236 2767 1316 2836 esset,

246 2865 289 2912 ne
310 2846 578 2913 Marklandum
608 2845 741 2929 quidem,
770 2847 820 2927 qui
843 2844 1000 2908 editionem
1020 2854 1129 2927 poetae
1152 2849 1248 2910 nostri
1268 2863 1316 2927 pa·

249 2942 372 2999 rareret
393 2932 446 3013 (oi.
468 2932 506 2996 au
529 2935 605 2998 Stat.
625 2931 716 2996 Siler.
736 2932 786 3008 IV,
808 2936 846 3007 6,
869 2936 920 2996 53.
942 2931 977 3006 V,
997 2936 1026 3005 2,
1046 2937 1098 2996 63.
1122 2936 1197 2997 113.
1219 2939 1248 3007 3,
1269 2936 1315 2996 61.

251 3025 325 3086 lau.
342 3020 439 3099 199),
460 3021 544 3084 nimis
564 3023 592 3083 ei
611 3019 796 3101 profuturum
815 3018 909 3081 luisse
928 3016 1116 3080 crediderim.
1160 3019 1217 3082 llio
1237 3020 1316 3092 eninr,

249 3115 283 3170 ut
308 3107 444 3187 proiecto
472 3105 600 3181 iudioio,
627 3105 756 3168 fortasse
778 3104 865 3168 eliam
887 3122 973 3166 sensu
993 3105 1122 3179 venusti,
1149 3105 1314 3167 Burmanno

249 3193 438 3275 praestabat,
467 3192 510 3255 ite
536 3193 658 3255 lieentia
683 3192 762 3254 uicit.
814 3191 904 3266 Nam,
934 3191 960 3252 si
988 3201 1127 3270 quantum
1155 3209 1195 3254 ex
1223 3205 1315 3269 ungue

249 3279 384 3352 leonem,
410 3287 520 3353 tautum
547 3297 584 3340 ex
606 3276 857 3341 emendationibus
885 3274 924 3338 ad
947 3276 1036 3339 Statii
1056 3277 1155 3340 Siluas
1183 3277 1233 3339 bie
1257 3276 1316 3338 illio

250 3363 394 3445 dispersis
415 3362 487 3425 lioet
514 3363 666 3440 iudicare,
687 3363 816 3443 plurima
834 3364 906 3424 satis
929 3361 1101 3441 ingeniose,
1127 3363 1204 3426 nibil
1225 3371 1317 3425 tamen
1388 3419 1389 3444 q

251 3448 328 3512 adeo
355 3447 485 3510 ielioiter
511 3449 651 3525 tentarit,
678 3449 758 3529 quod
784 3447 984 3529 recipiendum
1005 3447 1136 3512 duxeris.
1179 3449 1264 3512 Idem
1283 3446 1316 3510 de
1388 3453 1389 3516 l

250 3533 514 3599 Valckenario
544 3535 655 3610 sentio,
683 3535 734 3615 qni
762 3533 884 3610 eodem,
914 3552 973 3614 quo
1001 3533 1072 3610 ille,
1099 3532 1187 3596 morio
1211 3535 1317 3597 anilem
1388 3523 1389 3578 l

247 3617 413 3684 alexandri
439 3618 570 3680 fabulam
595 3619 672 3701 eripi
701 3619 760 3683 sibi
787 3637 845 3683 non
871 3637 977 3701 passus
1006 3619 1060 3699 (oi.
1082 3618 1122 3681 ad
1144 3619 1316 3684 Gallimaob.
1388 3609 1389 3690 i

196 3703 199 3708 ’
248 3705 328 3784 eleg.
349 3704 437 3783 irgm.
463 3721 493 3785 p.
514 3704 578 3784 2.),
606 3705 751 3788 quidlibet
777 3705 810 3768 in
837 3705 1011 3786 castigando
1037 3705 1197 3788 Propertio
1226 3707 1317 3771 lioere

246 3791 384 3873 opinatus
406 3797 460 3852 est.
1388 3831 1389 3872 3

349 3874 497 3938 Maiorem
527 3874 656 3938 fortasse
689 3895 770 3958 spem
795 3875 1011 3942 Santenins
1044 3895 1164 3941 morere
1193 3883 1316 3960 poterat,

248 3959 366 4039 dequo
390 3960 481 4022 tutius
502 3959 608 4024 liceret
633 3961 782 4038 iudicare,
811 3963 870 4025 uisi
891 3965 922 4026 in
944 3963 1050 4026 ultima
1071 3965 1198 4026 omnium
1224 3964 1316 4042 elegia

246 4045 409 4110 Burmanni
435 4045 534 4126 potius
561 4046 774 4112 commentandi
799 4066 893 4128 genus
918 4050 1102 4130 exprimere,
1130 4068 1218 4131 quam
1239 4063 1315 4112 suem

247 4129 393 4194 rationem
415 4131 500 4210 sequi
522 4131 672 4197 maluisset
691 4135 745 4214 (oi.
762 4135 862 4215 praei.
878 4152 908 4214 p.
921 4134 987 4213 11.)
1022 4135 1206 4199 .Santenium
1225 4144 1315 4198 autem

95 4187 103 4206 ⁸
169 4223 173 4232 '
249 4215 338 4278 otiam
356 4215 637 4296 postburnaunum
655 4219 814 4283 editionem
833 4219 964 4283 molitum
983 4237 1051 4283 esse
1070 4224 1205 4286 omnibus
1226 4219 1315 4301 oopiis

227 4299 435 4384 intonatum,
468 4319 506 4368 ox
531 4303 640 4370 litteris
665 4322 735 4371 mss.
762 4304 966 4370 bibliotleoae
994 4305 1160 4374 iliezianae
1188 4309 1314 4392 apparet.
