2806 4974
209 353 211 360 Ι
296 388 437 459 (lapathi.
472 387 514 442 De
531 389 684 458 perturbato
701 389 764 446 libri
780 391 891 447 secundi
907 397 989 450 stata.
1102 377 1179 458 217

104 579 186 628 mum
202 561 317 628 Phoebi
337 562 428 626 aedes
447 563 479 624 in
490 560 609 627 Palatio
627 559 764 627 dedicata
783 569 813 628 et
832 562 1012 644 inaugurata
1030 571 1083 640 est,
1103 564 1179 627 haec

105 650 223 732 scripta
251 667 318 714 esse
346 666 406 712 non
435 667 543 730 posse,
573 649 693 712 Cassius
715 649 773 712 Dio
800 647 889 714 docet
912 650 996 726 Llll,
1022 653 1050 712 l.
1094 650 1179 714 Unde

104 735 198 799 simul
230 753 390 799 amorem
422 735 614 816 Cynthiae
645 752 704 796 non
734 743 802 796 ante
834 754 939 798 annun
965 739 1037 799 726.
1062 736 1178 799 initium

104 823 226 902 cepisse
252 830 357 885 contra
380 821 564 884 Lachmanni
595 822 727 884 rationes
752 819 868 897 (Praei.
894 839 924 902 p.
948 819 1073 900 XXVI.)
1100 839 1177 886 nouo

105 917 287 987 argumento
317 909 471 970 evincitur.
515 907 579 970 lloc
604 908 696 986 igitur
723 905 782 968 iam
811 908 841 968 in
869 909 972 988 aprico
999 917 1060 983 est,
1089 925 1179 988 prae-

105 995 213 1057 sertim
239 1010 303 1056 cnm
325 993 456 1057 dolatum
477 992 571 1054 solnm
594 1001 624 1056 et
646 991 744 1054 multis
764 992 840 1054 locis
862 992 979 1056 minime
1000 994 1179 1074 perpolitum

105 1076 230 1141 dicendi
251 1096 344 1159 genus
366 1080 589 1160 computaveris,
605 1078 714 1144 librom
732 1079 877 1158 quartum,
897 1087 1000 1159 utpote
1016 1080 1067 1159 qai
1087 1079 1179 1142 molta

103 1164 253 1230 iuvenilia
272 1175 380 1246 poetae
403 1182 496 1246 opera
515 1164 552 1226 ab
574 1165 640 1247 ipso
662 1165 829 1246 improbata
850 1173 879 1227 et
899 1182 1055 1245 supremae
1075 1181 1178 1227 manus

104 1250 277 1330 indigentia
305 1253 471 1327 contineat,
498 1259 567 1332 post
594 1250 705 1314 obitum
728 1249 878 1332 Propertii
906 1251 944 1313 ab
972 1249 1040 1312 aliis
1068 1266 1180 1332 procu-

103 1347 206 1403 ratum
229 1355 304 1399 esse.

212 1423 276 1486 lam
295 1439 367 1485 uero
396 1420 521 1500 elegiam
545 1419 593 1499 Π,
616 1419 782 1502 10.,quod
806 1421 988 1502 prooemium
1013 1421 1178 1484 Lachman-

105 1526 165 1570 nns
191 1507 265 1570 lecit
290 1508 363 1571 libri
387 1507 434 1569 sni
461 1507 559 1584 tertii,
586 1524 644 1569 non
663 1516 732 1589 post
755 1524 907 1570 excussum
926 1503 1055 1570 amorem
1077 1507 1119 1583 (a.
1140 1507 1185 1570 U.'

105 1599 185 1658 732.
206 1594 304 1672 init),
333 1592 385 1656 sed
408 1592 527 1656 discidii
547 1594 641 1675 ipsius
663 1603 797 1674 tempore
817 1595 909 1667 (anno
933 1596 1019 1669 729.)
1039 1595 1178 1673 scriptam

107 1698 193 1754 esse,
225 1698 315 1760 supra
342 1681 561 1742 demonstrasse
588 1678 674 1742 nobis
702 1679 835 1742 uidemur
854 1679 891 1743 1..
913 1678 936 1741 l.
960 1677 1031 1760 Cap.
1054 1677 1104 1740 lIl.
1126 1677 1177 1743 Vl.

105 1766 216 1830 Restat
237 1776 345 1842 autem,
362 1772 396 1827 ut
416 1782 454 1827 ne
472 1783 562 1846 posse
579 1764 695 1846 quidem
717 1783 779 1834 eam
802 1764 863 1826 alio
886 1774 1018 1845 tempore
1039 1765 1179 1845 scriptam

107 1871 177 1914 esse
205 1853 383 1914 evincamus.
433 1851 561 1914 Primum
593 1853 668 1914 enim
698 1869 753 1932 per
782 1859 860 1913 esset
888 1852 962 1912 mire
994 1850 1118 1924 lactum,
1151 1850 1178 1910 si

105 1947 201 2019 poeta
227 1938 324 2013 libro,
351 1939 402 2020 qoi
423 1945 501 2001 totus
522 1955 617 2019 usque
638 1935 677 1999 ad
700 1937 785 1998 linem
806 1937 837 1997 in
860 1934 1046 2000 celebrandis
1069 1935 1179 1996 amori-

103 2026 163 2086 bus
193 2025 255 2085 suis
275 2033 469 2100 uersaretur,
495 2023 692 2104 praelationis
719 2022 787 2084 loco
819 2039 936 2084 carmen
964 2023 1178 2104 praemitteret,

107 2127 168 2192 quo
189 2110 252 2171 illis
275 2111 423 2172 amoribus
443 2110 706 2173 valediceret:
729 2125 783 2170 neo
806 2126 926 2185 rursum,
948 2106 975 2168 bi
996 2106 1177 2170 Lachmanni

105 2197 258 2259 inuentum
279 2196 432 2271 mittimus,
458 2205 556 2277 aptum
578 2203 661 2270 erat,
687 2212 746 2255 orno
771 2195 901 2255 carmine
924 2211 962 2255 ex
984 2193 1080 2255 alieno
1105 2203 1178 2254 tem-

105 2277 184 2364 pore
212 2281 386 2344 inculcando
409 2280 590 2362 reliquorum
610 2280 703 2343 uelud
725 2280 916 2342 dramaticum
937 2279 1179 2360 compositionem

105 2368 298 2450 perturbare.
342 2368 444 2430 Omnis
471 2375 567 2430 autem
594 2367 632 2428 lis
656 2365 803 2427 dirimitur
824 2382 882 2427 uno
906 2363 1036 2428 eiusdem
1059 2364 1178 2444 elegiae

105 2471 214 2531 uersu,
236 2454 287 2535 qui
308 2453 402 2515 lacem
424 2453 510 2532 quasi
531 2451 629 2513 iubis
650 2452 781 2514 tenebris
804 2451 1020 2529 subministrat,
1041 2454 1110 2514 lo:

103 2618 110 2626 ·
155 2609 161 2618 ‘
281 2591 317 2642 Et
334 2591 425 2644 docteres
441 2590 599 2642 intinctae
616 2594 643 2640 te
659 2590 776 2640 tremit
791 2585 956 2641 Arabiae.

104 2711 243 2794 Namque
265 2710 426 2776 debelii
447 2710 553 2774 Galli
575 2709 763 2792 expeditione
791 2710 867 2772 bunc
887 2706 985 2771 loonm
1004 2705 1196 2787 intelliges-v

107 2799 178 2861 dum
201 2815 281 2874 esse,
302 2801 500 2880 perspicuum.
542 2797 656 2859 Plinius
678 2797 760 2858 enim
775 2794 827 2875 (tt.
846 2793 883 2858 li.
904 2795 960 2870 vt,
983 2793 1067 2873 32.):
1089 2793 1177 2869 „Ro-

106 2888 234 2960 mana“,
262 2886 371 2965 inquit,
401 2902 510 2960 „arma
543 2877 625 2944 solus
654 2883 686 2944 in
714 2900 779 2944 eam
812 2891 923 2944 terram
955 2879 1050 2942 adbuc
1078 2878 1179 2941 intulit

106 2971 243 3037 Aelius
273 2971 422 3045 Gallus,
450 2971 581 3051 equestri
612 2967 746 3030 ordine.“
798 2967 942 3045 Quoniam
970 2982 1041 3029 uero
1072 2965 1178 3027 inta-

109 3067 205 3120 ctam
235 3056 306 3120 dicit
332 3057 488 3132 Arabiam,
515 3054 682 3137 sequiorem
709 3052 856 3135 quandam
886 3052 1101 3134 expeditionem
1124 3049 1178 3129 (de

108 3161 172 3225 qua
201 3143 240 3205 el.
262 3143 339 3205 Plin.
360 3144 397 3206 N.
417 3142 453 3205 H.
474 3141 532 3217 VI,
558 3147 609 3207 31.
637 3159 660 3202 s.
681 3139 731 3203 fin.
762 3140 845 3202 Soet.
865 3140 924 3205 Vit.
946 3137 1048 3200 Tiber.
1071 3153 1098 3199 o.
1120 3136 1177 3215 9.),

109 3247 200 3311 quam
222 3229 370 3304 Tiberius,
393 3229 460 3290 dum
484 3246 561 3291 anno
581 3229 619 3293 U.
641 3230 715 3291 734.
758 3226 888 3290 Orientis
910 3243 959 3287 res
979 3223 1127 3304 componit
1149 3230 1179 3285 et

105 3315 288 3381 Parthorum
316 3317 404 3394 signa
431 3317 555 3395 repetit,
589 3314 732 3388 minatus,
765 3329 862 3392 neque
889 3319 986 3373 tamen
1016 3325 1178 3389 aggressus

109 3411 175 3478 est,
203 3401 374 3480 intelligere
400 3410 541 3464 vetamur.
579 3401 670 3462 ‘Aelii
697 3416 769 3463 uero
798 3399 881 3461 illios
909 3397 990 3460 Galli
1020 3397 1178 3470 exercitus,

108 3505 197 3569 quem
217 3488 359 3549 Arabiam
380 3487 498 3549 incunte
520 3505 548 3548 a.
569 3487 606 3550 U.
623 3491 703 3561 730,
725 3485 855 3548 Gaesare
877 3485 1027 3562 Augusto,
1050 3481 1083 3543 G.
1099 3481 1179 3544 Nor·-

108 3575 191 3637 bano
214 3589 291 3636 coss.
317 3575 483 3652 ingressum
513 3590 578 3634 esse
608 3572 729 3636 Cassius
756 3571 814 3634 Dio
844 3568 944 3648 (LIII,
973 3571 1040 3645 29.)
1066 3573 1180 3642 narrat,

108 3659 244 3740 quamvis
271 3667 300 3722 et
323 3659 505 3722 fortitudine
523 3668 553 3721 et
578 3657 712 3721 bellandi
739 3665 803 3718 arte
827 3655 961 3718 hostibus
983 3654 1074 3732 longe
1101 3659 1180 3716 esset

108 3746 259 3827 superior,
279 3753 376 3809 tamen
395 3744 520 3825 pertidia
538 3744 665 3823 Syllaei,
684 3743 902 3806 Nabataeorum
923 3741 1014 3819 regis,
1035 3757 1090 3820 per
1110 3755 1179 3800 are-

107 3848 185 3894 nosa
206 3831 276 3893 looa
297 3831 510 3894 circumductus
531 3831 649 3910 primo
677 3831 774 3892 statim
801 3845 928 3889 mense
955 3835 985 3888 et
1009 3825 1076 3888 aliis
1099 3823 1181 3885 cala-

107 3917 261 3981 mitatihus
284 3926 313 3980 et
333 3934 410 3980 nouo
432 3917 529 3978 morbi
549 3933 660 3995 genere
679 3915 843 3976 miserrime
865 3920 987 3976 vexatos
1008 3920 1076 3994 post
1097 3918 1180 3972 atro-

108 4021 159 4066 ces
193 4000 297 4065 clades
331 4021 455 4085 prorsus
482 4001 615 4083 periit.
667 4001 714 4064 Gi.
741 4000 881 4062 strabon.
908 3998 993 4073 XVI,
1020 4001 1052 4060 4.
1105 3996 1181 4058 llinc

107 4089 168 4154 Dio
185 4085 285 4168 (1.t.):
308 4081 341 4151 ἐν
365 4072 393 4170 ᾧ
413 4081 450 4150 δὲ
471 4085 576 4150 ταῦτα
594 4080 747 4170 ἐγίγνετο,
769 4077 825 4146 καὶ
848 4073 932 4167 dttp
952 4103 1003 4156 τις
1024 4074 1182 4163 στρατεία

108 4168 206 4258 καινὴ
226 4163 328 4258 ἀρχὴν
347 4165 418 4252 ἅμα
435 4171 492 4234 καὶ
509 4167 605 4246 τέλος
623 4164 725 4248 ἔσχεν.
763 4169 919 4248 Quromodo
939 4170 1040 4248 igitar,
1059 4179 1182 4247 quaero,
1234 4204 1251 4254 ¹-

107 4260 301 4341 postillam
324 4258 541 4340 expeditionem
563 4258 640 4320 hunc
658 4275 775 4337 tersum
797 4257 935 4336 scriptum
955 4272 1021 4317 esse
1042 4250 1183 4325 dicamus,

110 4363 169 4428 qno
202 4353 315 4408 tantum
348 4347 436 4409 abest
464 4351 498 4408 ut
525 4343 699 4428 Propertius
731 4360 831 4406 rernm
860 4341 978 4404 domino
1007 4337 1182 4402 adulaturus
