2806 4974
434 353 524 426 Caput
540 353 587 410 Vl.
619 353 661 408 De
677 351 854 410 elocutione·
1094 337 1170 422 155

98 530 128 594 in
150 547 209 612 pcc
231 545 317 593 nemo
340 527 477 606 cllendit,
498 528 629 611 quamtis
656 544 716 590 non
737 529 782 592 ita
800 527 920 610 planum
942 529 970 605 1,
991 533 1021 606 1,
1039 531 1087 592 b:
1108 529 1171 592 lu·

100 618 198 679 mina
229 617 374 691 iastius,
403 617 424 677 i.
454 632 480 680 e.
509 616 609 689 oculi,
641 615 671 676 ic
701 616 807 695 quibus
839 616 934 678 fastus
965 623 994 680 et
1028 617 1171 696 superbia
1287 623 1289 628 ’

100 705 185 784 quasi
205 720 349 784 praesens
363 701 487 775 habitat,
507 702 666 782 superbiae
683 699 862 764 domicilium
876 710 904 764 et
921 718 1054 780 regnum.
1096 703 1173 765 Hinc

99 789 147 864 11,
169 794 204 862 1,
229 793 298 864 27„
327 805 391 850 cnm
414 787 551 866 enallage
574 785 712 850 adiectiri
740 788 886 851 iunctum:
909 787 1072 851 Siculae
1092 787 1173 850 clas·

100 876 162 937 sica
192 875 302 936 bella
330 874 462 953 fugae,
491 873 570 954 quod
597 873 635 934 ad
662 872 753 934 verba
777 873 950 937 Germanice
978 882 1096 938 uertere
1122 873 1173 937 uix

101 960 413 1041 cuiqnam'contingat,
434 977 490 1040 pro
505 960 593 1022 hellis
607 958 740 1022 classicis
758 959 868 1022 Siculis
890 960 1008 1038 fugae
1029 959 1171 1038 plenis.

98 1047 171 1110 Item
193 1045 251 1121 111,
274 1051 311 1122 9,
331 1049 401 1110 bd:
424 1046 600 1107 Parthorum
628 1054 744 1107 astutae
773 1045 856 1108 tela
884 1047 1008 1109 remissa
1036 1045 1173 1124 iugae;

98 1133 187 1208 1‚7,
212 1136 258 1193 2.:
294 1149 397 1194 arma
428 1131 594 1202 militiae
622 1131 792 1206 fraternam
819 1131 870 1206 lV,
892 1136 927 1206 7,
947 1135 1017 1196 69.;
1046 1130 1174 1194 lacri-

100 1235 179 1280 mae
213 1218 357 1281 mortis.
406 1216 441 1279 ln
471 1216 700 1297 praedicato
728 1233 801 1280 uero
833 1217 960 1298 positam
991 1216 1174 1297 qrralitatem,

101 1321 164 1367 cnm
187 1321 238 1365 res
265 1305 331 1384 ipsa
357 1305 396 1368 sit
422 1302 599 1376 subiectum,
627 1303 676 1366 tel
696 1302 761 1366 uice
782 1320 884 1388 uersa,
911 1301 1065 1376 ebidem,
1092 1301 1175 1382 qnod

101 1407 191 1470 supra
219 1391 398 1452 excussimus
433 1407 527 1468 genus
549 1388 664 1465 redire,
692 1396 783 1471 patet.
828 1388 940 1452 Contra
969 1388 1173 1469 appositio

101 1477 256 1556 aliquanto
285 1475 384 1538 differt
413 1493 432 1536 a
462 1476 620 1555 superiore
652 1475 738 1556 (pag.
768 1472 870 1553 151).
925 1474 989 1536 lluc
1017 1475 1111 1548 enim,
1142 1482 1175 1538 ut

102 1560 236 1642 exemplo
259 1569 341 1636 utar,
367 1561 530 1644 pertineret
554 1561 585 1636 1,
608 1561 658 1635 15,
681 1565 750 1622 20.:
772 1559 931 1622 Euadne
951 1597 994 1608 —
1016 1557 1175 1624 Occidit

100 1648 233 1726 Argiuae
254 1647 351 1709 lama
369 1646 530 1728 pudicitiae
548 1683 590 1694 -
610 1646 638 1708 si
659 1645 745 1708 simul
768 1662 831 1708 cum
849 1647 912 1708 eius
930 1645 1063 1708 mulieris
1081 1653 1175 1708 morte

101 1734 189 1796 etiam
211 1734 391 1812 Argiuorum
417 1733 526 1794 lamam
552 1732 680 1813 periisse
710 1741 800 1812 poeta
823 1731 946 1794 diceret.
998 1730 1111 1794 Contra
1139 1747 1175 1794 ro

101 1837 173 1883 uera
191 1820 232 1882 ad
251 1829 383 1882 nostrum
398 1820 455 1882 hoc
471 1835 576 1883 nouum
595 1835 688 1898 genas
706 1819 857 1881 reseratur
870 1818 918 1880 El.
932 1815 969 1894 11,
985 1820 1035 1894 16,
1049 1820 1101 1882 37.
1112 1833 1173 1898 σιμ

275 1961 357 2014 Germe
373 1961 470 2030 dormo,
488 1962 564 2014 modo
583 1962 626 2030 pai
643 1962 786 2028 fremitu
803 1962 941 2028 complevit
957 1962 1054 2014 iconi

306 2031 575 2082 Actiu'clcmoctis
595 2046 712 2098 aequora
729 2030 901 2084 militibus
920 2059 954 2070 -

103 2159 154 2222 ubi
180 2177 210 2222 u.
238 2175 341 2224 comm.
390 2160 474 2223 llanc
507 2160 633 2240 liguorem
660 2160 725 2240 ipse
752 2159 927 2240 Propertius
958 2157 1175 2241 quodammodo

102 2246 316 2328 interpretatus
350 2255 396 2308 est
423 2248 473 2323 lV,
505 2251 543 2323 6,
565 2250 633 2310 db:
664 2247 765 2327 patria
792 2283 834 2294 -
863 2246 1051 2327 Imposuit
1083 2263 1176 2327 pro-

104 2351 169 2394 rae
198 2331 320 2413 publica
347 2341 434 2396 uota
461 2341 530 2397 tuae
560 2363 604 2376 -
632 2340 664 2395 ut
693 2331 879 2412 reipublicae
909 2333 990 2394 salus
1023 2332 1079 2394 illa
1104 2332 1174 2395 naui

10 2451 12 2458 ν
104 2417 188 2480 salua
211 2427 300 2492 stare,
322 2417 417 2480 inacta
437 2419 545 2481 cadere
567 2418 728 2482 uideretur.
772 2419 837 2494 Quo
857 2417 947 2481 multo
972 2419 1059 2480 etiarn
1082 2418 1177 2496 signi-¹

10 2517 12 2582 t
104 2503 241 2566 fidantius
263 2503 315 2580 lli,
336 2509 384 2580 19,
405 2510 471 2568 22.;
494 2505 660 2584 Scylla-
683 2504 859 2566 Tondens
880 2521 1032 2585 purpurea
1053 2521 1177 2582 regna

10 2585 11 2596 ’
103 2599 232 2670 paterna
260 2607 381 2664 corna,
412 2592 548 2670 qnoniam
578 2608 615 2654 ex
642 2588 697 2650 illa
723 2607 807 2651 coma
828 2591 914 2652 latali
942 2591 1031 2669 regui
1055 2591 1178 2654 fortuna

10 2749 12 2754 ¹
105 2676 265 2758 pendebat.
313 2676 399 2738 Adde
427 2677 481 2750 lib,
508 2678 545 2749 8,
569 2680 635 2739 bl:
666 2676 912 2754 spectaclum
947 2677 1034 2758 ipsa
1067 2675 1176 2738 sedens

105 2765 201 2842 primo
231 2772 347 2826 temone
375 2761 538 2843 pependits
559 2761 601 2837 11,
627 2760 682 2835 15,
704 2763 770 2824 28.;
795 2759 991 2826 Masculus
1024 2768 1053 2822 et
1083 2769 1178 2831 totum

105 2848 250 2910 lamina
274 2849 502 2926 coniugium.
544 2846 619 2908 Hinc
640 2864 689 2908 res
710 2847 794 2927 ipsae
816 2845 871 2928 pro'
893 2865 991 2908 rerum
1009 2845 1177 2924 insignibus

106 2936 225 3014 positae
254 2935 411 2998 uerborum
441 2933 569 3012 deniqne
599 2931 830 3012 significationes
860 2943 974 2995 mertare
1000 2939 1029 2994 et
1054 2933 1179 2995 turbare

105 3037 227 3082 normas
258 3021 466 3099 grammaticas
494 3020 644 3092 uidentur,
677 3030 709 3082 ut
740 3019 770 3080 in
801 3020 873 3094 loc,
904 3018 949 3092 ll,
979 3021 1014 3094 1,
1037 3019 1107 3082 35.:
1137 3017 1202 3083 Et.

107 3099 255 3186 sumpta
285 3114 314 3168 et
342 3107 476 3186 posita
502 3122 595 3185 pace
622 3103 710 3167 fidele
731 3113 819 3184 caput
839 3139 881 3150 -
903 3105 955 3165 uhi
978 3112 1077 3183 togam
1099 3122 1177 3165 sum·

10 3259 11 3266 χ
108 3200 189 3272 ptam
217 3199 247 3252 et
273 3191 417 3272 positam,
448 3193 532 3272 pacis
564 3191 699 3269 insigne,
732 3201 822 3272 poeta
850 3190 1009 3268 intelligit;
1043 3189 1178 3270 alioquin

10 3281 12 3364 l
109 3280 185 3338 eninr
208 3295 352 3340 sumere
372 3294 500 3357 pacem
521 3294 581 3338 non
603 3284 680 3338 esset
698 3277 845 3338 Latinum.
885 3276 988 3356 ltaque
1012 3277 1099 3338 etiam
1121 3292 1177 3356 pro

107 3362 252 3426 infinitivo
274 3363 323 3427 uel
344 3365 460 3425 nomine
482 3363 599 3425 verbali
621 3361 696 3423 illud
723 3380 828 3424 nomeu
849 3365 982 3442 ponitur,
1010 3363 1090 3441 quod
1113 3377 1179 3424 cunr

108 3447 253 3510 inirritiuo
275 3466 330 3530 per
351 3450 546 3511 accusativum
569 3465 667 3510 casuum
691 3447 818 3510 debebat
840 3450 934 3525 necti,
964 3447 1098 3510 infinitivi
1123 3466 1179 3510 au·

108 3542 165 3597 tem
187 3536 281 3616 ipsius
303 3536 401 3609 notio,
424 3553 500 3614 quae
523 3535 665 3615 primaria
687 3533 815 3598 debebat
844 3552 908 3596 esse
940 3536 1031 3595 totius
1061 3543 1179 3596 senten·

109 3622 179 3695 tiae,
200 3621 353 3702 participii
372 3621 483 3701 passini
505 3621 603 3681 forma
619 3628 766 3698 tamquam
785 3620 982 3683 accessorium
1004 3620 1072 3698 quid
1092 3617 1179 3681 addi·

10 3751 11 3800 3
109 3713 167 3770 tur.
212 3706 299 3782 Quod
320 3725 413 3784 genus
436 3723 499 3768 ccm
519 3707 550 3767 in
571 3723 625 3767 usn
646 3715 724 3785 part.
745 3705 800 3768 lut.
822 3707 933 3787 passivi
953 3721 1009 3784 pro
1031 3704 1178 3784 gerundia

110 3791 201 3874 positi
229 3793 268 3856 sit
288 3793 536 3870 vulgatissimum,
563 3791 593 3852 in
616 3792 775 3871 participio
802 3792 929 3871 perlecti
954 3790 1100 3853 interdum
1121 3791 1179 3852 ali-

112 3896 197 3958 quam
220 3879 310 3941 babet
331 3878 531 3952 offensionem,
550 3877 631 3940 uelut
650 3876 696 3951 Il,
716 3879 767 3952 28,
786 3884 830 3939 b:
853 3878 927 3940 Tam
947 3876 1079 3939 formosa
1100 3885 1179 3939 tuum

113 3973 262 4026 mortua
294 3965 433 4027 crimen
464 3965 537 4037 erit,
568 3979 625 4042 pro
657 3979 709 4024 eo:
740 3971 812 4024 tam
842 3963 1050 4025 formosam
1082 3980 1179 4023 mor·

82 4057 88 4086 ⁸
112 4057 212 4112 tuam
234 4067 317 4113 esse
339 4066 381 4113 cr.
400 4069 443 4114 er.
486 4050 552 4125 Quo
573 4049 673 4111 durius
694 4049 783 4110 etiar'n
800 4047 850 4124 1v,
867 4053 979 4124 1,41.:
1002 4048 1080 4128 qrrod
1106 4046 1180 4110 nihil

114 4135 196 4199 illam
227 4137 419 4201 Laeserat
455 4135 576 4213 abiegni
611 4131 743 4196 uenter
779 4146 941 4214 apertus
977 4136 1062 4214 equi,
1099 4130 1179 4215 quod

116 4237 218 4284 crassa
249 4221 388 4290 Minerua
423 4220 663 4303 interpretaturis
702 4220 860 4282 absurdam
895 4219 1026 4283 alliceret
1064 4228 1181 4281 senten-

116 4307 195 4373 tiam.
239 4307 397 4391 Significat
416 4307 509 4388 eninr,
526 4306 602 4370 nihil
620 4305 691 4370 inde
710 4306 834 4372 Troiam
854 4305 952 4371 damni
971 4306 1083 4383 tulisse,
1103 4301 1183 4387 quod
