2834 4972
115 499 275 586 poetieam
288 505 346 564 aut
367 497 615 588 grammaticam
630 495 781 562 Latinam
804 487 1033 574 scriberemus,
1055 479 1180 562 orn‘rrem

118 636 188 685 enm
219 626 363 704 purtem,
398 635 464 702 qua
494 617 703 682 extrinsecus
729 621 763 682 et
790 617 831 683 ab
862 616 937 682 aliis
967 613 1180 701 scriptoribus

116 746 235 824 poetae
255 738 370 804 verbis
393 737 572 802 auctoritas
594 735 688 801 esset
714 736 911 820 repetenda,
940 736 1179 802 commentariis

115 860 379 942 reservavimus3
397 858 476 922 item
491 871 575 943 quae
588 855 769 922 fabularum
779 862 813 922 et
831 853 1039 924 historiarum
1055 855 1180 926 doctri·

112 996 155 1044 na
183 977 356 1045 recondita
382 980 417 1041 et
444 976 553 1062 paullo
582 977 770 1042 obscuriore
799 976 1064 1042 continentur-
1093 971 1180 1063 quac
1217 1029 1219 1048 .

114 1103 168 1164 est
194 1115 274 1183 pars
303 1097 408 1163 nostri
429 1094 518 1161 haud
539 1097 675 1183 exigua.
716 1091 791 1160 Huc
817 1093 977 1162 accedunt
999 1113 1177 1183 argumen-

114 1219 256 1283 tationes
280 1233 393 1283 omnes
416 1233 495 1299 eae,
516 1217 634 1301 quibus
658 1216 690 1279 in
709 1211 857 1280 codicum
877 1234 958 1282 mss.
981 1213 1179 1300 discrepand

86 1336 162 1401 ¹tia
196 1335 316 1404 electio
342 1340 416 1404 veri
444 1337 499 1405 vel
527 1332 710 1403 emendatio
738 1350 782 1400 ex
807 1333 989 1402 litterarum
1017 1333 1117 1402 ductu
1145 1339 1180 1398 et

116 1455 297 1522 rationibus
318 1455 534 1543 diplomaticis
557 1457 759 1522 aestimatur.
802 1455 856 1522 De
875 1453 927 1518 his
949 1458 1059 1518 autem
1083 1451 1179 1518 simul

116 1581 149 1640 et
176 1573 219 1640 (le
245 1577 340 1644 libris
376 1549 475 1642 oditis
505 1574 593 1660 quod
629 1577 810 1660 sepositam
839 1573 921 1640 libro
952 1557 1203 1657 quaestionum*

116 1697 214 1763 tertio
248 1713 423 1763 censuram
453 1697 598 1784 egimus,
628 1714 694 1762 uon
723 1700 793 1777 est,
822 1691 909 1781 quod
939 1692 1088 1776 cuiquam
1115 1710 1178 1758 nos

115 1833 324 1882 excusemus.
378 1817 464 1882 Nam
493 1835 564 1882 cum
592 1813 697 1884 doctis
732 1814 935 1900 potissimum
965 1810 1050 1878 haec
1077 1809 1179 1877 editio

116 1939 160 2002 sit
183 1935 369 2019 destinata,
396 1955 460 2002 non
483 1935 594 2022 pueris
622 1942 656 2002 et
677 1933 853 2015 tironibus,
881 1934 931 1999 sie
957 1904 1058 2000 veros
1087 1950 1178 1998 com-

115 2058 345 2122 mentariorum
371 2056 454 2142 lines
481 2060 580 2141 atque
607 2053 735 2125 modum
756 2053 955 2120 constituere
973 2050 1178 2134 videbamur,

115 2182 151 2244 ut
172 2193 234 2242 eos
256 2175 417 2242 duntaxat
445 2174 552 2257 locos,
580 2175 636 2261 qui
657 2176 699 2241 ab
721 2173 829 2259 aliquo
851 2174 1052 2260 superiorum
1072 2173 1177 2237 inter-

114 2304 242 2382 pretum
261 2315 326 2364 non
346 2297 432 2362 satis
458 2293 616 2360 intellecti
638 2287 769 2376 esse'nt,
797 2291 840 2360 de
859 2295 991 2384 integro
1011 2297 1177 2360 retracta-

113 2435 235 2484 remus.
278 2417 363 2481 Nam
390 2433 433 2480 ne
453 2414 679 2500 quidomnino
700 2413 952 2500 praeteriretur,
982 2413 1178 2482 carminibus

111 2536 199 2620 lpsis
217 2535 249 2600 in
268 2535 468 2600 recentiores
486 2532 617 2622 linguas
632 2534 726 2600 varie
743 2530 912 2600 translatis
930 2535 1096 2620 provisum
1114 2538 1178 2600 est.

218 2703 291 2773 Sed
317 2704 403 2773 haee
427 2704 471 2772 de
496 2703 572 2771 libri
597 2706 702 2770 nostri
728 2703 863 2778 consilio
890 2705 1070 2771 strattone
1091 2705 1179 2770 satis

115 2821 206 2890 clieta
234 2830 343 2892 sunto.
390 2827 530 2908 Restat,
559 2828 596 2888 ut
622 2823 853 2907 acceptissimo
879 2824 1044 2912 defungar
1070 2824 1177 2890 officio

114 2943 315 3010 testificandi
348 2945 476 3031 publice
509 2947 641 3032 gratias
671 2944 753 3008 viris
785 2946 936 3026 summis,
972 2946 1027 3030 qui
1060 2946 1178 3030 partim
1281 2986 1284 2995 ·

117 3065 351 3150 exemplarium
371 3083 517 3134 rarorum
539 3071 607 3132 tum
627 3065 859 3149 impressorum
883 3071 951 3130 tum
971 3081 1069 3130 manu
1092 3064 1179 3130 seri-

115 3189 244 3268 ptorum
275 3188 400 3271 copiam
428 3185 505 3252 mibi
531 3185 615 3252 ultro
642 3185 808 3267 lecerunt,
835 3187 951 3271 partim
980 3187 1078 3251 etiam
1105 3200 1180 3250 mea

114 3305 227 3392 gratia
248 3310 505 3391 comparatorum
526 3315 684 3393 excerpta
708 3321 768 3391 per
788 3305 917 3372 litteras
942 3322 1067 3371 mecum
1088 3321 1179 3370 com·
1211 3317 1213 3327 ·

115 3424 384 3507 municaverunt,
410 3426 496 3493 inter
516 3443 600 3511 quos
625 3425 758 3494 honoris
780 3441 883 3491 causa
904 3429 1032 3492 nomino
1050 3421 1181 3491 Eich-

113 3539 306 3609 hornium
333 3545 439 3611 virum
465 3543 807 3630 Excellentissimnm,
841 3565 1026 3633 supremum
1054 3542 1182 3631 imperii

112 3660 316 3746 ministrnm,
338 3667 393 3751 qui
413 3663 521 3733 edicto
540 3669 645 3750 cavit,
666 3675 703 3734 ut
721 3661 937 3736 bibliothecae
963 3667 1079 3754 regiae
1105 3662 1182 3730 the-

113 3781 210 3844 sauri
229 3781 360 3848 absenti
381 3783 459 3850 mibi
477 3786 698 3870 aperirentur,
720 3793 787 3854 tum
805 3785 1044 3875 Spikerum,
1063 3783 1182 3852 biblio·

114 3895 238 3964 thecae
257 3901 309 3970 lilli
336 3904 553 3988 praelectum,
581 3905 909 3993 Bernhardyum,
937 3908 1182 3993 praeceptorem

115 4033 224 4082 meum
246 4017 508 4106 dilectissimum,
531 4027 587 4110 qni
607 4028 730 4112 primus
750 4026 898 4093 adhaec
918 4024 1029 4092 studia
1047 4043 1099 4090 me
1119 4041 1183 4089 ex-

113 4134 269 4203 hortatus
291 4148 443 4228 egentem
465 4144 599 4212 consilio
626 4163 789 4232 nunquam
808 4142 975 4227 destituit,
996 4138 1182 4211 Hassel-
1233 4115 1236 4125 “

113 4254 308 4324 bachium
328 4259 564 4348 Sedinensem,
593 4262 836 4332 Cornelium
868 4264 1121 4332 Muellerum
1149 4264 1183 4322 et
