2848 4972
430 345 644 418 tauream
665 345 726 411 at.
748 343 797 422 lV,
820 341 856 410 3.
1116 349 1179 416 136

144 519 423 592 flauere-murita
447 515 532 582 tides
557 522 592 582 et
613 522 734 602 pactae
755 519 833 580 suut
852 511 931 580 mihi
951 521 1080 600 noctes,

187 625 269 693 Cum
288 621 382 689 rudis
406 622 535 710 urgenti
557 617 693 685 brachia
712 619 803 686 victa
824 613 927 684 detlil

145 728 240 813 Quae
261 715 338 794 milri
360 724 523 792 deductae
544 724 604 790 lux
625 739 718 788 omen
740 721 912 806 praetulit,
934 721 991 788 illa

188 826 306 899 Trauit
327 832 369 897 ab
391 847 512 895 everso
534 826 655 892 lumina
677 827 774 914 nigra
796 843 891 914 rogo,

101 947 129 992 1⁵
147 932 195 1003 Et
213 933 335 1023 Stygio
356 952 429 998 sum
450 947 573 1017 sparsa
594 929 687 1010 lacu,
708 946 771 995 uec
790 933 884 994 recta
903 929 1030 1014 capillis

187 1036 278 1113 Vitta
300 1033 379 1100 data
400 1039 471 1115 ost,
492 1033 590 1120 nupsi
611 1050 678 1098 nou
700 1032 874 1099 comitante
896 1028 969 1098 deo.

144 1129 302 1205 Omnibus
325 1135 391 1202 lreu
413 1138 517 1222 portis
540 1133 686 1223 pendent
705 1151 781 1201 mea
803 1135 903 1202 unxia
924 1139 1019 1202 vota:

186 1242 325 1308 Texitur
345 1238 431 1308 haec
451 1240 575 1306 castris
596 1243 716 1326 quarta
735 1237 871 1305 lacerna
891 1238 968 1303 tuis.

144 1341 301 1426 Occidet,
321 1346 482 1410 immerita
505 1344 561 1428 qui
582 1343 770 1426 carpsit-ab
794 1341 913 1406 arbore
932 1338 1053 1405 vallum

99 1460 128 1505 ιο
187 1445 235 1513 Et
255 1448 378 1512 struxit
399 1444 553 1530 querulus
575 1461 679 1512 rauca
699 1461 759 1530 per
780 1461 862 1510 ossa
883 1443 993 1526 tubas,
1027 1465 1028 1475 ¹

142 1551 286 1639 Dignior
307 1549 435 1636 obliquo
458 1550 567 1614 sunem
588 1549 645 1633 qui
665 1552 818 1632 torqueat
837 1543 930 1614 Ocno

186 1655 419 1739 Aeternusque
439 1657 527 1720 tuam
549 1657 685 1738 pascat,
705 1649 829 1726 aselle,
849 1649 979 1714 famem.

141 1755 207 1822 Dic
228 1754 321 1838 ruihi,
343 1775 418 1822 nuru
440 1762 574 1822 teneros
597 1755 661 1818 urit
683 1751 787 1818 lorica
807 1745 978 1818 lacertosi

183 1857 269 1926 Num
290 1859 407 1946 gravis
429 1857 578 1923 imbelles
600 1858 712 1922 atterit
733 1854 832 1921 lrastn
851 1848 992 1920 manus?

97 1969 125 2014 ὓ
143 1956 237 2026 Haec
257 1965 398 2028 noceant
418 1961 545 2045 potine,
568 1978 665 2044 quarn
688 1955 842 2026 dentibus
864 1957 930 2023 ullo
950 1955 1061 2044 puella

174 2059 253 2136 ‚Det
274 2058 351 2124 milri
373 2058 551 2146 plorandas
574 2077 634 2144 per
655 2065 712 2125 tua
734 2059 818 2124 oolla
839 2063 947 2124 notas

138 2161 273 2228 Diceris
296 2168 330 2228 et
349 2165 456 2234 macie
477 2163 603 2229 vultum
628 2169 803 2228 tenuasse:
826 2160 889 2228 sed
910 2165 998 2246 opto,

185 2261 218 2328 Ε
240 2260 406 2328 desiderio
428 2264 473 2327 sit
495 2261 585 2329 color
605 2263 672 2327 iste
694 2279 777 2327 meo.

142 2365 190 2429 At
212 2360 289 2427 milri
312 2381 384 2429 cum
406 2371 521 2429 noctes
543 2362 672 2430 induxit
694 2363 825 2448 Vesper
847 2380 990 2445 amaras,

99 2477 126 2520 Μ
187 2463 227 2530 Si
250 2482 315 2549 qua
337 2465 454 2533 relicta
474 2466 604 2547 iacent,
625 2464 756 2531 osculor
779 2481 873 2528 numa
894 2471 961 2530 tua.

143 2569 226 2638 Tum
249 2584 369 2653 queror
389 2570 423 2633 iu
444 2573 513 2635 toto
535 2587 601 2634 nou
624 2565 735 2634 sitlcre
757 2567 856 2654 pallia
878 2567 976 2649 lecto,

183 2671 286 2737 Lucis
308 2677 343 2736 et
363 2677 518 2738 auctores
538 2690 603 2739 nnn
626 2670 707 2741 darc
729 2689 860 2738 carmen
883 2689 976 2738 aves.

143 2771 305 2864 Noctibus
327 2769 474 2838 hibernis
490 2775 686 2840 castrensia
706 2790 812 2858 pensa
832 2773 945 2838 laboro

186 2871 233 2939 Et
252 2874 355 2958 Tyria
376 2877 409 2941 in
432 2874 545 2942 radios
565 2875 693 2942 uellera
714 2883 810 2942 secta
831 2895 922 2940 suos.

97 2993 124 3039 as
143 2973 190 3044 Et
211 2975 321 3060 diseo,
343 2996 407 3063 qua
429 2985 524 3066 purte
545 2979 626 3046 tluat
646 2977 830 3048 vincendas
851 2979 998 3060 Araxes,

167 3237 207 3284 li.
224 3235 251 3283 et
267 3235 359 3296 melae
373 3231 437 3283 mihi
452 3235 543 3284 noctae
557 3234 601 3298 0.,
617 3232 656 3284 cle
672 3239 697 3282 et
710 3230 762 3282 Hb.
778 3229 838 3295 (sal
853 3245 887 3285 m.
898 3246 922 3282 a.
940 3227 1063 3296 pacatae)
1074 3233 1109 3281 H.
1121 3230 1171 3298 ll,

98 3320 127 3367 st
145 3319 250 3381 paccata
267 3312 331 3366 milui
349 3319 440 3367 nocte·
451 3315 496 3382 D„
515 3322 543 3368 ot
559 3324 622 3368 sunt
638 3315 703 3368 milui
721 3320 814 3384 pactae
830 3320 921 3366 noctes
932 3316 967 3364 n.
982 3311 1038 3382 ¹(et]
1055 3314 1105 3366 lrao
1117 3316 1172 3384 R),

97 3397 148 3449 hae
164 3413 225 3477 uum
241 3405 333 3465 pactus
347 3399 411 3451 mihi
424 3406 517 3452 noae·
529 3400 616 3469 Pera,
632 3406 659 3454 et
673 3417 754 3470 parce
765 3398 826 3452 avia
839 3403 930 3454 nocet
942 3398 981 3452 N.
1032 3403 1072 3453 12.
1086 3399 1173 3456 Quem

97 3479 151 3534 Hlt.
171 3478 273 3546 ingenti
295 3484 324 3538 V.
342 3483 464 3538 bracchia
484 3486 518 3539 G.
538 3485 594 3538 rita
610 3503 654 3556 pr.
672 3504 707 3542 aa.
727 3485 782 3542 Hb.
852 3483 1173 3552 rs.portu1it-o.,pro.

97 3567 159 3622 tnlit
180 3568 211 3623 Υ.
290 3572 331 3624 it.
354 3571 389 3620 ab
411 3572 522 3624 aduerso
542 3573 575 3623 G.
659 3578 703 3628 lo.
721 3571 800 3624 Victa
819 3572 853 3625 G.
935 3573 978 3622 17.
997 3567 1112 3622 maxima
1131 3571 1171 3622 u.

98 3658 140 3708 18.
160 3655 272 3707 Torserit
293 3644 322 3711 V.
411 3662 452 3720 19.
470 3673 539 3724 qnae
556 3659 595 3711 N.
621 3660 711 3714 valum
730 3656 785 3716 Hb.
870 3660 913 3712 20.
929 3670 994 3707 aera
1011 3670 1037 3712 u.
1053 3671 1076 3714 c,
1095 3655 1172 3708 Pau.
1281 3689 1283 3698 ι

99 3744 142 3794 21.
161 3739 275 3802 Segnior
287 3742 324 3796 H.
345 3745 450 3808 torquet
467 3742 501 3801 G.
516 3746 553 3796 H.
572 3743 611 3798 tt.
629 3758 697 3795 aeno
717 3743 750 3796 G.
768 3747 805 3797 Η.
828 3743 859 3800 V.
877 3743 937 3810 N„s
953 3755 1018 3792 orno
1035 3756 1061 3798 r.
1077 3756 1120 3807 pr.
1137 3757 1172 3794 m.

97 3824 170 3892 Ha,
198 3839 266 3875 oeno
292 3841 315 3880 a.
339 3843 373 3879 aa.
400 3825 455 3886 Πὸ.
484 3831 637 3896 „torqueat
663 3843 732 3880 aena
754 3829 774 3881 i.
801 3835 825 3886 t.
850 3826 957 3894 pyrrice
982 3822 1071 3878 Poo.“
1096 3827 1172 3879 Pota.

97 3917 142 3966 22.
162 3915 256 3979 poscat
272 3928 297 3969 r.
315 3915 413 3966 usello
428 3929 468 3980 r.,
490 3915 575 3966 astole
591 3912 648 3970 tto.
717 3918 761 3970 23.
778 3912 855 3981 uum]
873 3913 936 3965 dum
955 3912 992 3964 N.
1010 3910 1064 3965 Hlt.
1086 3911 1117 3963 D.
1134 3914 1171 3963 H.

100 3999 131 4050 V.
151 3998 189 4048 Μ.
208 4012 233 4048 r.
319 4000 362 4054 2⁵.
380 3999 437 4050 Neo
463 4000 492 4052 V.
519 4000 624 4066 puellae
648 4000 679 4058 V.
769 4003 813 4052 27.
832 3995 946 4066 vultum]
965 3998 1061 4050 collum
1080 4000 1117 4049 Η.
1141 3999 1171 4050 V.

96 4079 214 4134 teruisse
232 4085 269 4134 H.
335 4081 939 4149 aa.Et6.rr.r.,utM.ittor.ra11t.
1008 4087 1050 4136 29.
1070 4081 1105 4134 Et
1123 4083 1173 4148 lt..

95 4168 151 4219 Det
168 4173 205 4221 H.
226 4164 299 4234 cum]
321 4184 390 4219 nunc
407 4169 447 4222 Μ.
469 4169 549 4223 clusit
568 4171 606 4223 D.
633 4178 752 4226 armatus
775 4187 818 4238 pr.
838 4187 873 4226 m.
890 4167 944 4222 Hb.
1032 4175 1075 4220 31.
1095 4167 1173 4220 Tunc
1259 4169 1262 4178 “

96 4252 131 4306 Ι).
151 4251 189 4302 Μ.
265 4256 308 4303 ³2.
328 4260 420 4306 auctor
438 4269 466 4306 oa
483 4267 509 4310 c.
585 4261 629 4309 ³³.
649 4255 793 4310 manentia
812 4255 866 4312 Hb.
883 4255 921 4305 N.
1001 4257 1044 4309 al.
1064 4253 1091 4305 irr
1115 4257 1174 4320 gla-

98 4333 157 4385 dios
178 4335 210 4386 G.
230 4333 267 4388 N.
286 4335 315 4389 Ρ.
331 4351 373 4403 n.‚
392 4334 523 4402 inritator
540 4353 584 4407 η,
603 4340 631 4392 irr
649 4341 738 4393 radios
758 4341 833 4392 Peru.
848 4343 924 4392 texta
942 4339 1017 4391 Perr.
1038 4337 1068 4391 P.
