2762 4972
244 361 319 444 100
557 370 751 431 Quaestionum
767 369 851 427 Liber
870 329 1029 426 secundos.-

250 559 428 627 amatorem,
453 564 492 610 ne
518 551 615 610 mente
642 541 759 626 quiden
780 541 897 623 concipi
924 559 1025 622 posse.
1068 539 1132 606 linc
1153 548 1246 606 auten
1266 561 1311 606 en·

251 642 412 720 thymema,
435 644 468 697 nt
489 632 640 712 elegiacos
659 629 711 692 fiat
729 631 873 692 orationis
895 646 1091 710 progressus,
1120 629 1163 691 ita
1184 629 1311 712 disponit,

252 735 287 790 ut
314 725 438 806 priunum
469 717 512 799 (a.
531 720 562 782 5.
584 717 630 796 6.)
659 715 831 796 quaerendo
860 713 972 778 indicet
1000 713 1122 796 puellae
1149 733 1220 778 suae
1247 716 1312 778 leni-

252 820 359 885 tanen,
386 807 456 871 huic
480 803 708 886 pulcherrimum
736 801 806 864 fidei
835 801 997 882 exemplum
1022 801 1168 862 Auroram
1194 808 1314 881 opponat

177 915 182 919 ·
256 898 301 978 (l).
329 891 492 970 7-18.),
520 891 551 952 in
578 888 636 950 fine
664 904 736 950 uero
766 885 921 968 perfidiam
949 886 1091 966 Cynthiae
1116 885 1255 968 prodigio
1282 887 1316 948 si·

257 981 372 1056 milen,
404 994 463 1059 quo
492 973 588 1055 magis
615 971 780 1054 indignatio
810 979 970 1052 appareat,
1001 971 1086 1033 nudis
1118 983 1234 1053 repetat
1260 991 1317 1035 rer-

255 1070 304 1134 his
328 1069 369 1144 (c.
392 1068 442 1128 19.
463 1063 541 1140 20.)t
584 1061 682 1139 Atque
702 1060 750 1122 hie
773 1059 891 1140 qnidam
913 1055 1049 1120 concludi
1068 1068 1173 1138 posset
1196 1077 1312 1133 carmen,

256 1153 316 1216 nisi
334 1167 458 1234 prorsus
480 1156 584 1210 eontra
602 1145 752 1226 Propertii
773 1162 882 1207 nonen
904 1151 999 1218 esset,
1027 1145 1216 1208 accusatione
1239 1145 1314 1227 poel-

259 1241 309 1304 lae
336 1239 501 1300 orationem
525 1233 627 1306 finire;
644 1249 720 1309 narn
742 1239 793 1292 aut
820 1229 941 1307 suadet,
968 1238 1001 1292 ut
1027 1229 1116 1292 aliter
1143 1230 1250 1307 faciat,
1275 1237 1319 1292 ant

262 1322 333 1407 quid
358 1324 423 1403 ipse
453 1323 511 1383 iam
540 1319 579 1382 sit
606 1317 754 1392 iacturas,
782 1314 842 1390 ait,
870 1324 921 1378 aut
948 1313 1075 1396 denique
1101 1316 1173 1398 qnid
1200 1317 1317 1380 iuturnn

260 1413 299 1474 sit
327 1404 531 1490 perseveranti
561 1405 592 1465 in
620 1403 751 1476 scelere,
781 1402 918 1464 minatur.
968 1403 1008 1464 At
1038 1417 1092 1463 nec
1118 1402 1244 1466 lacobus
1270 1404 1318 1464 loc

259 1495 339 1569 uult,
359 1510 413 1555 neo
433 1490 504 1573 qnid
527 1489 661 1569 sequenti
689 1488 828 1551 inlibris
852 1505 988 1549 rensuum
1007 1495 1094 1568 parte
1115 1487 1216 1565 fieret,
1242 1505 1320 1570 expe·
1361 1511 1362 1518 ¹

259 1582 352 1645 ditum
374 1587 461 1642 esset.
503 1575 607 1656 ltaque
627 1575 756 1638 lacobus
783 1574 859 1637 dano
885 1573 980 1656 ipsam
1003 1573 1167 1638 clausulam
1194 1574 1319 1640 carninis

261 1684 328 1732 esse
348 1667 449 1729 iubet:

436 1790 503 1857 Quin
521 1804 566 1858 epu
584 1790 699 1844 diuninse
715 1805 822 1857 aarum,
842 1789 911 1858 qood
929 1805 1009 1858 saepe
1028 1791 1129 1859 Cupido

464 1861 534 1912 Huic
550 1861 635 1912 mulus
651 1874 707 1911 esse
723 1861 804 1925 solet,
826 1861 868 1911 cai
888 1859 970 1912 denos
988 1867 1050 1912 nate
1068 1862 1128 1928 [uit.

263 1997 342 2076 Quid
370 1995 486 2076 igitur?
530 1993 765 2060 Gravissimasne
793 1994 932 2076 querelas
957 1995 1028 2058 illas
1055 2014 1117 2059 una
1145 1995 1243 2060 subito
1267 2011 1323 2057 sen·

260 2083 387 2148 tentiola
414 2079 591 2144 rescindat?
632 2081 680 2143 An
706 2081 811 2144 iactati
837 2081 919 2143 illins
943 2083 1093 2164 totiesque
1123 2081 1269 2146 decantati
1292 2079 1322 2142 de
1361 2111 1362 2118 κ

263 2171 337 2233 orbe
365 2169 503 2230 fortunae
529 2167 590 2229 loci
617 2182 677 2229 nen
706 2168 805 2230 statiua
833 2167 871 2228 ah
894 2167 979 2230 initio
1002 2171 1033 2230 in
1054 2178 1178 2231 mentem
1198 2166 1323 2233 reneritl
1361 2209 1362 2248 3

263 2258 317 2331 At,
346 2271 422 2335 quae
449 2263 537 2316 autea
561 2252 651 2338 dixit,
679 2252 755 2314 alias
779 2269 897 2334 quoqne
927 2255 1024 2317 subito
1048 2254 1186 2319 emendat
1214 2264 1243 2318 et
1268 2270 1324 2314 oer-

169 2387 173 2394 -
263 2343 341 2406 ruine
368 2342 434 2421 ipso
456 2339 524 2401 huic
546 2339 681 2420 proximo
701 2338 793 2404 XVII.
836 2338 944 2402 Audio.
989 2339 1050 2404 Sed
1073 2341 1165 2403 facile
1195 2351 1225 2404 et
1252 2340 1323 2402 illius

263 2428 410 2490 rationem
431 2433 461 2488 et
481 2427 617 2501 omniun,
639 2441 716 2505 quae
735 2441 826 2504 supra
845 2424 876 2487 in
897 2425 1001 2488 eedem
1023 2444 1134 2505 genere
1154 2427 1215 2508 ipsi
1235 2443 1326 2488 recen·

265 2515 385 2588 suimus,
406 2511 526 2573 assultum
548 2520 686 2573 anostra
709 2508 830 2572 differre
853 2520 988 2592 apparet.
1031 2511 1105 2574 Nam
1125 2511 1190 2574 illio
1213 2520 1262 2574 aut
1282 2510 1326 2572 do-

264 2599 362 2663 lorum
383 2597 520 2660 fluctibns
543 2597 737 2659 constantiam
760 2614 841 2657 snam
864 2605 894 2659 et
915 2598 1088 2678 patientiam
1110 2600 1249 2680 opponit,
1275 2611 1325 2678 qno

263 2701 319 2747 nec
340 2683 465 2746 iniustas
487 2683 658 2764 superiores
683 2699 749 2744 esse
770 2682 908 2763 querelas
930 2683 1058 2760 latetur,
1085 2701 1140 2746 neo
1164 2703 1269 2747 causas
1291 2683 1326 2743 ir-

267 2772 357 2845 ritas,
384 2777 452 2844 aut,
479 2768 522 2844 si,
550 2777 582 2831 ut
604 2768 661 2830 lroe
683 2766 768 2842 loco,
797 2785 915 2830 errasse
936 2787 969 2832 se
991 2769 1127 2832 concedit
1155 2780 1185 2834 et
1208 2783 1328 2833 errorem
1361 2771 1362 2778 ’

265 2856 400 2935 corrigit,
420 2871 538 2917 causant
561 2854 664 2917 mutati
684 2853 775 2916 animi
793 2871 852 2916 non
874 2851 982 2916 nudum
1001 2847 1230 2939 φρονημάτων
1251 2870 1329 2937 prae-

265 2943 355 3016 texit,
385 2939 439 3004 sed
468 2940 650 3019 grauissimis
677 2940 858 3019 argumentis
887 2939 1066 3004 illustratam
1092 2944 1280 3017 sententiam,
1304 2945 1331 3000 ut

266 3028 309 3104 11,
332 3027 389 3102 25,
411 3025 462 3090 15.
486 3029 544 3100 33,
565 3026 634 3100 35.;
660 3042 784 3105 quorun
805 3026 975 3108 posteriore
1001 3027 1070 3089 loco
1093 3029 1183 3090 etiarn
1205 3028 1283 3094 velut
1301 3039 1330 3086 re

263 3120 427 3196 praesente
448 3112 561 3173 erroris
583 3111 679 3192 aperti
701 3110 864 3175 conuictum
886 3129 920 3175 se
940 3111 1055 3192 tingere
1075 3123 1196 3194 poetam
1220 3113 1330 3176 sentias.

267 3200 372 3279 ltaque
393 3197 443 3258 hio
462 3213 580 3278 qnoque
609 3197 636 3258 si
657 3197 793 3276 qnaeris,
821 3215 875 3261 our
896 3216 972 3272 nunc
999 3200 1183 3280 potissimum
1204 3199 1278 3263 illud
1299 3195 1331 3257 de
1361 3193 1362 3198 ’

255 3282 521 3362 *,‚rotaa1neris“
547 3283 736 3362 proverbium
757 3283 788 3345 in
809 3301 843 3346 se
866 3282 976 3348 cadere
1001 3284 1055 3347 ille
1081 3285 1246 3364 intelligat,
1273 3299 1332 3347 ter·

268 3371 352 3432 sibus
384 3368 482 3433 statius
510 3369 698 3449 sequentibus
727 3369 938 3450 respondetur,
983 3369 1057 3433 Nam
1087 3389 1152 3434 cunr
1179 3372 1332 3452 Cynthium,

267 3463 301 3519 ut
321 3471 401 3519 noro
424 3455 551 3516 amatori
574 3454 709 3536 placeat,
737 3456 834 3518 onnia
861 3455 989 3536 quaesiti
1010 3457 1105 3520 cultus
1133 3458 1262 3521 artificia
1287 3453 1334 3516 ad·

268 3541 375 3605 hibere
395 3539 512 3617 uideat,
534 3541 592 3603 hoc
613 3541 679 3621 ipso
701 3539 812 3602 indicio
834 3541 967 3620 colligit,
988 3543 1114 3624 propria
1132 3543 1216 3607 fama
1239 3554 1268 3610 et
1286 3543 1334 3602 ho·

168 3627 170 3632 '
269 3627 364 3691 uestis
391 3626 506 3689 artibus
533 3643 593 3689 non
619 3626 692 3688 satis
720 3626 859 3689 confisam
881 3629 1031 3691 successui
1058 3631 1162 3693 tinere
1185 3646 1251 3693 eant
1273 3643 1334 3690 ooa-

269 3715 362 3796 pisse.
404 3713 479 3776 llinc
500 3711 591 3794 illud:
618 3711 703 3774 Nunc
727 3713 816 3776 etiam
840 3713 967 3776 iniectos
996 3714 1115 3778 demens
1137 3716 1255 3779 imitare
1274 3712 1336 3776 Bri·

269 3808 393 3874 tannes3
421 3806 452 3860 et
471 3797 567 3860 infra:
595 3797 642 3861 De
664 3815 734 3874 nne,
762 3799 810 3860 nri
837 3809 920 3864 certe
941 3801 1056 3881 poteris
1084 3802 1218 3864 formosa
1239 3795 1337 3870 sideri,

269 3886 310 3948 nri
329 3886 463 3946 formosa
483 3891 531 3947 sat
552 3901 599 3958 es,
627 3882 654 3944 si
675 3883 763 3946 modo
785 3902 877 3966 saepe
900 3887 1001 3950 renis:
1031 3904 1090 3966 quo
1117 3905 1206 3950 uersu
1228 3886 1277 3951 rel
1296 3885 1336 3944 iu·

269 3971 324 4036 uiti
349 3967 560 4032 admoneantur
580 3967 628 4032 El.
646 3968 677 4045 I,
700 3974 738 4048 2,
758 3973 810 4033 23.
831 3989 913 4053 sqq,
939 3971 991 4034 uhi
1011 3971 1071 4036 tid.
1093 3980 1247 4037 comment.
1288 3969 1336 4035 vi·

269 4054 326 4121 des
352 4055 446 4134 igitur
465 4053 576 4118 solatii
595 4070 722 4118 causans
744 4055 925 4121 confidentia
950 4067 1070 4122 eventus
1095 4068 1210 4124 auctare
1232 4059 1290 4120 ianr
1310 4055 1337 4115 in

270 4142 428 4206 suasoriae
444 4138 569 4203 formans
585 4142 672 4216 uerti,
693 4159 770 4224 quae
789 4141 832 4204 ita
846 4143 956 4206 deinde
971 4161 1057 4207 omne
1075 4161 1192 4208 carmen
1211 4146 1338 4222 occupat,

199 4267 201 4272 .
269 4237 304 4292 ut
324 4227 355 4290 in
376 4224 567 4290 conclusione
588 4227 691 4290 tenuia
712 4226 856 4291 duntaxat
880 4239 1021 4310 superent
1041 4231 1119 4292 initii
1140 4231 1234 4296 tristis
1256 4225 1337 4291 uesti-

267 4315 332 4396 gia.
376 4311 442 4394 Quo
463 4313 582 4377 nomine
596 4329 661 4377 cnm
682 4311 786 4398 aliqua
803 4313 1007 4399 dispositionis
1029 4316 1192 4382 similitudo
1207 4321 1340 4380 natatur
