2822 4976
349 459 438 528 Caput
456 461 501 514 ΙΙΙ.
536 461 577 513 De
595 440 754 514 editionibus
771 461 913 530 Propertii.
1082 449 1159 526 259

92 629 200 708 igitur,
222 630 250 691 ei
270 647 329 710 quo
347 629 495 710 scriptura
511 647 606 710 nuper
624 639 745 710 recepta
761 630 857 710 magis
877 629 949 694 nihi
969 649 1055 712 quarn
1077 637 1161 715 prio·

93 733 146 779 res
168 717 355 797 probaretur,
376 715 430 777 iras
452 733 511 784 non
532 715 715 795 redarguere
736 734 781 778 ure
800 717 909 779 debere
929 717 1053 795 eredidi,
1072 737 1160 799 prae·

93 803 199 863 nertin
222 819 284 864 ourn
306 819 364 865 non
385 818 481 883 panea
503 801 646 864 eiusnodi
667 801 698 862 in
717 801 855 863 laaobi
882 801 1040 866 editionem
1061 807 1159 886 (Lips.

95 889 192 950 1827.
215 888 263 966 8.)
291 888 478 961 transierint,
505 904 583 967 quoe
611 903 704 962 nuno,
732 895 764 950 ut
793 905 849 968 par
880 896 939 962 eat,
966 890 1158 970 plurimorum

93 973 230 1036 manilius
251 982 396 1036 uersatur.
437 973 493 1039 llio
516 973 592 1034 eninr
608 973 665 1048 uir,
685 972 736 1054 qui
755 973 866 1054 prinus
885 991 904 1034 o
924 973 1045 1038 iuuenili
1062 978 1161 1040 Lael-

91 1060 195 1122 monai
223 1058 348 1123 audeoio
372 1058 535 1141 paullulum
562 1058 758 1124 raoedeudurn
784 1058 842 1122 ribi
872 1061 1048 1137 orrevilla,
1075 1064 1161 1128 breui

93 1163 152 1208 suu
180 1144 232 1207 sed
259 1145 480 1225 elegantissima
510 1146 701 1208 annotatione
731 1143 867 1225 plurimis
900 1143 976 1208 loeis
1004 1148 1159 1228 pristinam

93 1232 276 1312 scripturam
301 1231 458 1313 Propertio
486 1230 615 1294 feliciter
641 1229 816 1306 vindicarit,
847 1229 952 1292 uultus
977 1231 1159 1297 Lachmanni

93 1318 281 1381 coniecturas
303 1319 387 1380 novis
408 1317 595 1380 firmamentis
620 1315 719 1392 fulsit,
744 1314 885 1380 nonnullo
909 1317 998 1380 etianr
1019 1320 1092 1382 satia
1113 1321 1158 1383 in·

93 1404 221 1483 geniose
241 1405 377 1467 tentarit:
404 1412 436 1465 ut
455 1405 546 1467 uerbo
576 1401 688 1479 dican,
715 1403 757 1464 ita
782 1401 877 1465 oritiei
903 1419 1023 1465 munere
1041 1404 1158 1470 iuuetur

93 1497 158 1562 est,
180 1498 212 1552 ut
231 1489 305 1550 nihil
319 1491 354 1552 in
375 1505 411 1550 eo
423 1493 572 1554 'mutatum
592 1488 700 1566 ualles,
719 1487 795 1562 uisi,
816 1484 896 1568 quod
916 1507 987 1553 raro
1009 1491 1065 1552 lrao
1085 1500 1159 1557 ten-

91 1583 211 1657 pestate
232 1574 331 1638 (liuere
353 1575 514 1654 contingit,
540 1575 691 1637 nimian
718 1573 948 1636 modestiam.
991 1576 1066 1640 Naar
1094 1593 1159 1641 eunt

91 1661 128 1722 in
149 1660 307 1724 diuidendo
328 1661 407 1725 libro
427 1661 466 1735 ΙΙ.
489 1668 520 1725 ot
544 1661 576 1724 iu
594 1658 805 1723 distribuendis
832 1659 1008 1728 oarnrinihus
1030 1663 1158 1744 saepius,

93 1764 184 1828 quarn
214 1747 358 1823 debehat,
382 1747 570 1816 Lachmanuo
599 1755 645 1810 eut
673 1745 845 1822 obsecutus,
874 1754 934 1810 turn
967 1765 1037 1818 suaa
1069 1749 1158 1814 eliano

91 1833 189 1914 ipsius
221 1832 438 1896 emendationes
466 1850 525 1896 nou
553 1831 640 1914 nudo
668 1831 855 1915 probabiles,
887 1830 940 1894 sed
969 1850 1042 1914 quaa
1070 1851 1158 1898 ueros

94 1937 163 1981 esee
185 1921 289 2000 quouis
310 1919 407 2002 pretio
431 1918 578 2000 spondere
605 1927 723 2002 poterat
744 1917 791 1996 (ut
811 1915 858 1981 ΕΙ.
879 1916 925 1996 ΙΙ,
947 1919 1003 1994 34,
1025 1923 1077 1984 33.
1104 1919 1158 1997 ΙΙΙ,

93 2007 126 2078 7,
147 2007 200 2068 46.
228 2005 278 2081 lv,
300 2009 338 2081 3,
359 2007 415 2084 8.),
440 2007 472 2068 in
497 2006 656 2070 coruinum
683 2004 790 2068 serien
816 2003 951 2085 recipere
971 2005 1081 2069 ueritus
1105 2015 1158 2070 est.

92 2089 268 2153 Ceterorum
292 2108 380 2167 uero,
410 2092 461 2173 qui
486 2101 555 2172 post
575 2092 791 2158 Laolnannnn
812 2089 964 2171 Propertii
988 2100 1042 2154 aut
1066 2093 1160 2171 inter·

92 2175 236 2258 pretendi
256 2185 308 2240 aut
330 2177 437 2240 edendi
458 2195 559 2244 nunus
580 2178 629 2242 uel
647 2187 738 2242 totum
759 2174 887 2256 amplexi
908 2184 991 2252 suut,
1012 2177 1062 2241 rel
1087 2197 1158 2260 par·

92 2273 154 2326 tern
182 2271 263 2326 nerle
291 2262 584 2339 administraverunt,
611 2262 767 2346 plurinum
792 2260 895 2325 deberi
921 2263 1102 2326 laeobsio
1118 2261 1157 2342 ¹),

93 2344 324 2427 Beelrero²),
352 2349 497 2412 Baehio
512 2346 540 2427 ³)
564 2365 686 2424 aenaea,
715 2347 805 2414 nullo
826 2348 919 2410 minus
938 2347 1100 2413 Webero
1117 2346 1158 2429 ⁴),

90 2448 192 2516 panea
211 2435 335 2498 editioni
355 2435 525 2497 Paldanri
540 2433 583 2512 Ι),
606 2435 661 2516 qui
679 2443 775 2500 tamen
797 2434 948 2514 aliquanto
967 2435 1034 2516 plus
1052 2446 1159 2517 postea
1240 2479 1245 2494 .

92 2521 125 2585 in
147 2520 252 2584 libello
276 2518 312 2584 de
333 2521 463 2584 Erotieie
482 2521 623 2584 Romanis
651 2519 815 2601 praestitit,
843 2515 1058 2604 Gruppio⁶)
1083 2539 1156 2590 uero

94 2616 126 2670 et
146 2605 170 2670 1.
193 2607 236 2670 Η.
252 2606 479 2670 Bormanaio
496 2601 523 2686 ⁷)
545 2645 586 2658 -
607 2605 690 2672 nillil.

199 2813 226 2878 1)
246 2813 379 2881 Florileg.
399 2817 484 2880 poelt.
501 2813 574 2871 Lalt.
596 2815 679 2866 lenae
698 2815 774 2867 1326.
794 2814 821 2866 8.
844 2837 879 2854 α-
920 2809 950 2877 2)
969 2807 1084 2876 Elegeia
1102 2810 1159 2865 Re.-

94 2897 185 2934 mena.
205 2883 348 2935 Servestae
363 2886 437 2938 1827.
450 2887 476 2938 8.
493 2906 528 2924 ·-
561 2882 591 2949 3)
604 2883 646 2938 De
663 2880 775 2946 ingenio
792 2879 898 2946 elegiae
909 2879 1055 2932 Romanae.
1076 2877 1159 2934 Goth.

93 2955 172 3004 1823.
190 2953 217 3004 8.
237 2980 271 2990 -
312 2951 341 3018 Ι)
360 2953 392 3004 In
413 2951 494 3020 Corp.
516 2953 600 3020 poelt.
620 2951 691 3006 Lati.
711 2946 839 3006 Francos.
855 2949 889 3004 ad
907 2948 945 3002 M.
964 2951 1039 3001 1833.
1057 2945 1105 3002 iol.
1125 2976 1159 2986 -

92 3019 123 3087 3)
143 3019 208 3075 Hal.
223 3025 296 3075 1827.
315 3024 341 3075 8.
360 3046 394 3059 -
428 3021 457 3087 6)
477 3018 521 3072 cf.
533 3021 640 3075 Annali.
656 3018 729 3070 Hali.
748 3019 766 3074 Ι.
780 3019 799 3070 Ι.
818 3045 853 3056 -
885 3017 914 3084 7)
933 3018 955 3068 Ι.
970 3017 1006 3068 Η.
1017 3015 1158 3069 Bormani.

92 3088 122 3139 in
143 3088 220 3141 acad.
235 3088 323 3140 Gand.
340 3089 410 3154 proi.
428 3089 563 3141 extraord.
577 3089 739 3142 Prodromus
754 3083 1024 3139 Animadversionem
1041 3085 1076 3135 ad
1093 3083 1157 3141 Sex.

93 3155 203 3208 Aurelii
227 3155 362 3223 Propertii
386 3160 464 3224 Eleg.
482 3160 503 3216 Ι.
522 3157 569 3216 lv.
591 3161 620 3211 et
642 3171 728 3211 nouae
754 3155 835 3212 timul
860 3152 989 3208 editionis
1009 3153 1158 3224 specimen.

93 3224 213 3278 Loranii
231 3231 306 3283 1836.
322 3230 349 3281 8.

354 3332 363 3373 Ι

240 4201 243 4208 .
296 4155 711 4226 (Helio‚ioruaiaexpreaeunr
730 4156 973 4225 Ploetuienir.]
1033 4207 1034 4214 ,
