2806 4974
231 333 320 405 Caput
336 291 401 392 vn.
431 324 474 388 Da'
490 327 640 390 imitatiouc
657 325 795 404 poctarum
811 327 1062 396 Aleraudrincrnm.
1112 307 1197 404 189.

107 511 180 574 riac
202 526 299 590 aquae
319 510 415 574 uiuum
440 508 521 590 iugis
542 508 634 573 fontis
657 507 805 588 gurgitem
833 509 1035 590 praestabunt.
1081 511 1183 590 Quare
1220 582 1223 587 ,
1289 552 1290 556 =

108 617 171 660 uon
199 595 344 679 estquod
373 597 527 672 miremur,
555 597 581 657 si
609 594 697 658 iidem
719 597 794 671 uiri,
822 613 946 675 quornm
973 596 1107 660 lahorem
1137 601 1182 660 iu-

110 684 262 746 dclassnm
286 695 314 748 et
342 682 511 745 immensam
534 682 699 744 doctrinam
727 682 820 743 omnis
846 691 929 743 aetas
958 683 1106 746 admirata
1129 694 1184 760 est,

109 771 143 833 in
162 771 308 851 poematis
328 771 402 832 nihil
421 770 503 832 aliud
519 788 605 850 quam
627 786 727 830 sunm
750 768 942 836 saeculnm
964 780 1183 870 expresserant.

110 858 219 938 Itaque
247 856 527 930 Callimachus,
555 855 605 937 qni
634 855 699 916 iure
726 854 821 915 instar
844 856 968 916 omnium
992 859 1054 918 eins
1077 859 1183 920 aetatis

110 954 268 1026 poetarum
297 961 388 1023 saepe
416 945 599 1017 nominatur,
632 942 663 1003 in
696 940 847 1020 plerisque
882 957 983 1001 eorunm
1014 945 1184 1018 carminum,

111 1048 190 1111 quae
213 1046 288 1090 nunno
308 1028 426 1111 quidem
447 1035 626 1110 comparent,
642 1025 827 1090 versificator
848 1028 945 1106 potius
962 1027 1079 1090 uidetur
1098 1049 1185 1110 quam
1255 1083 1259 1094 ,

111 1126 215 1198 poeta.
258 1115 347 1176 Nam
355 1114 495 1195 quidquid
525 1115 637 1176 intento
663 1112 769 1173 labore
792 1122 821 1175 et
848 1113 951 1174 sedulo
979 1115 1076 1176 studio
1107 1116 1186 1177 ellici

111 1211 229 1285 potest,
258 1201 334 1263 illud
361 1201 478 1281 quidem
499 1200 664 1282 praestitit3
690 1199 803 1260 numeri
828 1199 903 1260 enim
926 1179 1054 1262 molliter
1074 1219 1186 1283 prope·

113 1298 215 1351 rantes
238 1307 384 1367 nunquam
413 1304 466 1349 uec
486 1287 610 1365 fragore
632 1302 686 1348 nec
708 1286 790 1346 hiatu
812 1303 900 1346 aures
921 1285 1057 1361 laedunt;
1084 1289 1184 1350 rheto-

113 1378 186 1439 ricis
214 1374 347 1436 flosculis
376 1373 485 1436 callida
508 1372 658 1454 dispositis
679 1373 836 1450 variegata
858 1373 955 1434 oratio
979 1381 1007 1434 et
1034 1375 1185 1454 perpolita

113 1461 242 1524 rarioris
265 1461 417 1522 doctrinae
439 1460 620 1522 emblematis
649 1457 715 1538 plus
742 1475 829 1538 quam
850 1457 974 1537 uulgare
1001 1461 1184 1539 sapientibus

112 1550 238 1631 placere
261 1546 367 1609 studet.
411 1545 473 1608 Sed
495 1563 559 1607 cunr
582 1547 611 1606 in
640 1545 830 1644 argumentis
844 1544 924 1606 circa
947 1553 1083 1606 externas
1110 1565 1185 1608 som·

113 1651 293 1718 perrarum
316 1631 429 1713 species
453 1633 579 1694 haerens
600 1649 747 1710 nunqnam
769 1633 799 1692 in
821 1631 917 1712 ipsum
937 1641 1040 1712 pectus
1062 1630 1185 1694 descen·
1203 1662 1206 1669 ¹

114 1722 182 1785 dat:
206 1736 263 1782 nec
283 1719 436 1780 affectibus
461 1717 598 1799 percellit
617 1717 752 1796 legentes
773 1733 828 1778 nec
847 1716 1028 1778 dulcioribus
1051 1721 1184 1782 sensibus
1270 1766 1273 1775 .

115 1807 240 1882 delinit,
270 1814 300 1868 et
326 1804 393 1866 duum
423 1822 561 1880 uersuum
586 1803 707 1867 tinnitus
735 1803 856 1864 auribus
879 1805 1057 1884 excipimus,
1085 1806 1183 1868 nuhos

114 1895 144 1956 in
174 1894 302 1955 animum
330 1890 450 1952 aculeos
480 1874 667 1952 admittimus.
720 1888 869 1965 Qurocirca
896 1889 1067 1970 hymnorum
1095 1910 1185 1973 prae·

113 1982 217 2044 sertim
240 1975 425 2060 splendidum
444 1975 519 2037 illud
541 1977 638 2055 frigus
665 1976 846 2038 intuentihus
875 1976 962 2037 nimis
989 1976 1076 2038 etiam
1102 1979 1187 2041 beni·

114 2085 205 2148 gnum
226 2064 326 2130 ouidii
347 2062 487 2126 iudicium
504 2062 656 2138 uideatur,
679 2063 730 2144 qni
752 2063 869 2124 Amorr.
889 2061 921 2139 1,
945 2063 1000 2142 15,
1024 2066 1090 2128 13.:

161 2242 165 2247 ’
252 2239 403 2302 Battiades,
423 2238 474 2306 ait,
491 2244 547 2289 toto
565 2251 667 2304 senoper
683 2235 833 2290 enotabitar
850 2235 929 2304 orbc3

292 2307 772 2386 Quamvisiopeoloooccolet‚
792 2307 987 2362 arsenatem

117 2469 192 2534 Nam
209 2486 273 2531 cnm
290 2485 353 2531 eam
369 2487 461 2549 supra
474 2467 634 2533 uiderimus
655 2469 824 2534 inveniendi
844 2479 874 2534 et
894 2471 1054 2554 eloquendi
1075 2489 1194 2554 sogum·-

118 2558 243 2630 tionem,
268 2565 300 2617 ut
328 2556 394 2636 ipsa
417 2555 531 2628 demum
559 2557 725 2645 argumenti
748 2557 870 2619 ubertas
892 2562 1054 2622 orationem
1077 2559 1187 2622 tollere

92 2651 147 2705 'et
174 2660 288 2723 pennas
314 2643 342 2703 ci
372 2641 484 2703 addere
508 2650 627 2721 posset,
655 2643 712 2703 hac
736 2642 789 2705 ille
810 2643 956 2730 delicitate
979 2645 1133 2708 destitutus
1158 2655 1187 2710 et

118 2730 200 2790 circa
220 2727 339 2806 singula
359 2729 475 2802 annulus,
496 2728 617 2790 fortiter
636 2738 797 2829 assurgere
819 2740 948 2805 uenator,
969 2731 1047 2792 humi
1070 2749 1187 2810 semper
1248 2761 1251 2770 ι

117 2816 198 2877 iacet
222 2825 250 2876 et
277 2831 351 2875 uuus
374 2815 500 2875 omnium
529 2816 653 2875 maxime
676 2803 834 2876 ἅπτώτου
855 2778 1058 2897 appellatione
1079 2819 1186 2896 dignus

119 2902 172 2977 (cl.
199 2901 327 2979 Longin.
350 2903 407 2976 33,
429 2905 458 2962 6.
483 2899 638 2980 Spalding.
667 2899 705 2961 ad
733 2901 855 2976 Quuiutil.
876 2903 922 2978 X,
945 2908 979 2978 1,
1001 2902 1085 2981 59),
1113 2922 1187 2964 nuu-

119 3006 207 3068 qnam
228 2986 413 3067 prohabilem
440 2985 521 3048 illam
544 2986 661 3050 dicendi
687 2979 920 3050 mediocritatem
943 2999 1079 3069 superat,
1101 3009 1188 3078 qnam

119 3076 215 3136 solam
242 3073 401 3173 Apollonio
432 3073 551 3134 landem
581 3071 779 3148 Quintilianus
807 3074 943 3136 concedit
968 3075 1029 3154 (X,
1053 3079 1089 3150 l,
1109 3071 1187 3156 54..)

119 3159 208 3238 Quod
237 3169 333 3220 antem
363 3160 443 3221 circa
469 3169 607 3220 externas
634 3177 732 3222 rerum
759 3162 875 3240 species
898 3171 927 3224 et
952 3161 1042 3224 ueluti
1069 3162 1189 3225 umbras

119 3265 184 3308 enum
208 3247 335 3307 haerere
356 3245 489 3320 diximus,
510 3246 566 3307 hoc
588 3244 658 3308 ideo
680 3253 783 3346 aperte
806 3247 967 3310 elocutioni
989 3256 1085 3322 nocet,
1109 3249 1189 3328 quod

119 3350 184 3394 cnm
212 3331 344 3393 flosculis
367 3341 395 3394 et
423 3331 560 3394 affectato
583 3332 697 3396 cultu
688 3333 789 3393 mania
812 3343 937 3397 exornat
963 3345 1139 3414 argumenta
1161 3342 1191 3400 et

118 3429 259 3499 tanquam
289 3418 482 3496 grauissimas
510 3436 559 3480 res
587 3417 737 3492 venditat,
769 3419 901 3481 absurda
928 3423 1060 3483 nascitur
1088 3439 1195 3483 rerum.

118 3516 208 3585 atque
223 3504 381 3566 uerborum
397 3504 607 3584 repugnantia.
651 3504 715 3566 lloo
733 3522 804 3566 nero
826 3497 1008 3589 κακόζηλον
1028 3507 1071 3570 ita
1091 3509 1190 3569 omnia

121 3593 184 3652 eius
213 3591 345 3652 carmina
374 3600 514 3670 occupat,
537 3600 585 3664 ut,
612 3606 678 3651 cum
705 3591 743 3651 iis
771 3590 888 3653 dicendi
915 3591 1034 3673 figuris,
1058 3611 1134 3674 qnae
1157 3594 1188 3654 iu

119 3678 298 3756 repetitione
323 3677 479 3738 uerborum
508 3685 679 3752 uersantnr,
712 3693 767 3757 per
797 3677 929 3756 singulos
961 3696 1056 3758 paene
1084 3697 1189 3742 uersus

78 3814 80 3823 .
119 3773 236 3836 atatim,
265 3764 330 3825 inre
359 3761 495 3836 dubites,
520 3761 668 3843 quomodo
691 3762 850 3824 earundem
876 3780 993 3844 semper
1013 3781 1117 3827 rocum
1139 3781 1189 3827 re-

119 3867 292 3929 percussum
320 3847 358 3909 ad
387 3849 515 3911 taedium
538 3866 631 3930 usqne
662 3849 788 3909 sonitum
814 3867 880 3910 cnm
901 3850 1056 3912 breuitatis
1080 3849 1188 3926 studio,

122 3953 181 4014 qno
217 3934 294 3996 idem
327 3934 525 3998 Callimachus
560 3936 673 3996 iactare
705 3951 738 3994 se
773 3934 866 4010 solet,
900 3944 983 3998 recte
1018 3955 1187 4018 componas.

121 4021 195 4084 Nam
224 4031 257 4084 nt
284 4038 343 4083 uno
370 4039 425 4102 pro
454 4022 583 4084 millibus
612 4019 746 4100 exemplo
777 4019 941 4102 defungar,
969 4022 1047 4103 qnod
1077 4031 1189 4085 tantum

124 4118 168 4168 est
204 4107 269 4168 auri
305 4110 446 4187 pretium,
482 4117 514 4180 nt
546 4105 676 4168 imboli
703 4106 846 4168 honorem
879 4109 996 4189 (Hymn.
1026 4111 1056 4170 in
1083 4108 1190 4170 Delum
1279 4126 1281 4132 ‘

123 4209 148 4255 u.
173 4194 260 4273 260.)
287 4195 415 4276 qumque
442 4195 576 4259 uersibus
606 4209 700 4256 aurea
730 4193 829 4256 omnia
856 4195 887 4258 in
915 4213 952 4258 ea
983 4195 1081 4260 insula
1110 4194 1191 4257 lacta

122 4294 187 4342 esse
208 4280 377 4372 praedicet:
