<?xml version="1.0" encoding="UTF-8"?>
<!DOCTYPE html PUBLIC "-//W3C//DTD XHTML 1.0 Transitional//EN"
    "http://www.w3.org/TR/xhtml1/DTD/xhtml1-transitional.dtd">
<html xmlns="http://www.w3.org/1999/xhtml" xml:lang="en" lang="en">
 <head>
  <title>
</title>
<meta http-equiv="Content-Type" content="text/html;charset=utf-8" />
  <meta name='ocr-system' content='tesseract 3.04.00' />
  <meta name='ocr-capabilities' content='ocr_page ocr_carea ocr_par ocr_line ocrx_word'/>
</head>
<body>
  <div class='ocr_page' id='page_1' title='image "./sexaureliiprope02propgoog_0072.png"; bbox 0 0 2834 4972; ppageno 0'>
   <div class='ocr_carea' id='block_1_1' title="bbox 207 329 1026 410">
    <p class='ocr_par' dir='ltr' id='par_1_1' title="bbox 207 329 1026 410">
     <span class='ocr_line' id='line_1_1' title="bbox 207 329 1026 410; baseline 0.001 -7"><span class='ocrx_word' id='word_1_1' title='bbox 207 329 260 410; x_wconf 76' lang='grc'><strong>54</strong></span> <span class='ocrx_word' id='word_1_2' title='bbox 521 346 713 410; x_wconf 75' lang='lat' dir='ltr'><strong>Quaestionum</strong></span> <span class='ocrx_word' id='word_1_3' title='bbox 729 347 811 402; x_wconf 86' lang='lat' dir='ltr'><strong>Liber</strong></span> <span class='ocrx_word' id='word_1_4' title='bbox 831 348 973 402; x_wconf 75' lang='lat' dir='ltr'><strong>secundus.</strong></span> <span class='ocrx_word' id='word_1_5' title='bbox 1024 392 1026 404; x_wconf 91' lang='lat'>.</span> 
     </span>
    </p>
   </div>
   <div class='ocr_carea' id='block_1_2' title="bbox 214 488 1283 604">
    <p class='ocr_par' dir='ltr' id='par_1_2' title="bbox 214 488 1283 604">
     <span class='ocr_line' id='line_1_2' title="bbox 214 488 1283 604; baseline 0.003 -22"><span class='ocrx_word' id='word_1_6' title='bbox 214 520 415 584; x_wconf 80' lang='lat' dir='ltr'><strong>conviviorum</strong></span> <span class='ocrx_word' id='word_1_7' title='bbox 435 519 563 600; x_wconf 87' lang='lat' dir='ltr'><strong>ga&#39;udla,</strong></span> <span class='ocrx_word' id='word_1_8' title='bbox 582 488 802 598; x_wconf 82' lang='lat' dir='ltr'><strong>rusticationes,</strong></span> <span class='ocrx_word' id='word_1_9' title='bbox 820 518 1004 584; x_wconf 81' lang='lat' dir='ltr'><strong>tortitudinis</strong></span> <span class='ocrx_word' id='word_1_10' title='bbox 1026 518 1141 598; x_wconf 88' lang='lat' dir='ltr'><strong>laudes,</strong></span> <span class='ocrx_word' id='word_1_11' title='bbox 1162 523 1283 604; x_wconf 88' lang='lat' dir='ltr'><strong>sapien-</strong></span> 
     </span>
    </p>
   </div>
   <div class='ocr_carea' id='block_1_3' title="bbox 140 603 1348 1634">
    <p class='ocr_par' dir='ltr' id='par_1_3' title="bbox 140 603 1284 1203">
     <span class='ocr_line' id='line_1_3' title="bbox 213 603 1284 689; baseline 0.001 -20"><span class='ocrx_word' id='word_1_12' title='bbox 213 607 275 669; x_wconf 87' lang='lat' dir='ltr'><strong>tiae</strong></span> <span class='ocrx_word' id='word_1_13' title='bbox 302 617 480 689; x_wconf 87' lang='lat' dir='ltr'><strong>praccepta,</strong></span> <span class='ocrx_word' id='word_1_14' title='bbox 513 608 550 670; x_wconf 86' lang='lat' dir='ltr'><strong>ab</strong></span> <span class='ocrx_word' id='word_1_15' title='bbox 580 603 684 676; x_wconf 81' lang='lat' dir='ltr'><strong>ecdem</strong></span> <span class='ocrx_word' id='word_1_16' title='bbox 713 607 796 670; x_wconf 89' lang='lat' dir='ltr'><strong>lonto</strong></span> <span class='ocrx_word' id='word_1_17' title='bbox 825 607 856 669; x_wconf 91' lang='lat' dir='ltr'><strong>iu</strong></span> <span class='ocrx_word' id='word_1_18' title='bbox 882 607 983 670; x_wconf 84' lang='lat' dir='ltr'><strong>uarios</strong></span> <span class='ocrx_word' id='word_1_19' title='bbox 1012 604 1132 670; x_wconf 89' lang='lat' dir='ltr'><strong>diducta</strong></span> <span class='ocrx_word' id='word_1_20' title='bbox 1160 609 1284 685; x_wconf 79' lang='lat' dir='ltr'>rivulos,</span> 
     </span>
     <span class='ocr_line' id='line_1_4' title="bbox 212 691 1282 773; baseline -0.002 -15"><span class='ocrx_word' id='word_1_21' title='bbox 212 691 307 758; x_wconf 75' lang='lat' dir='ltr'><strong>uariis</strong></span> <span class='ocrx_word' id='word_1_22' title='bbox 333 691 468 772; x_wconf 81' lang='lat' dir='ltr'><strong>irrigatis</strong></span> <span class='ocrx_word' id='word_1_23' title='bbox 495 693 578 773; x_wconf 84' lang='lat' dir='ltr'><strong>agris</strong></span> <span class='ocrx_word' id='word_1_24' title='bbox 605 694 638 756; x_wconf 93' lang='lat' dir='ltr'><strong>in</strong></span> <span class='ocrx_word' id='word_1_25' title='bbox 665 691 789 756; x_wconf 90' lang='lat' dir='ltr'><strong>eundem</strong></span> <span class='ocrx_word' id='word_1_26' title='bbox 815 693 921 756; x_wconf 90' lang='lat' dir='ltr'><strong>iterum</strong></span> <span class='ocrx_word' id='word_1_27' title='bbox 947 692 1131 772; x_wconf 88' lang='lat' dir='ltr'><strong>colliguntur</strong></span> <span class='ocrx_word' id='word_1_28' title='bbox 1156 694 1282 757; x_wconf 85' lang='lat' dir='ltr'><strong>alueum.</strong></span> 
     </span>
     <span class='ocr_line' id='line_1_5' title="bbox 214 776 1284 862; baseline 0.004 -23"><span class='ocrx_word' id='word_1_29' title='bbox 214 777 276 844; x_wconf 81' lang='lat' dir='ltr'><strong>Sed</strong></span> <span class='ocrx_word' id='word_1_30' title='bbox 299 779 404 862; x_wconf 88' lang='lat' dir='ltr'><strong>eminet</strong></span> <span class='ocrx_word' id='word_1_31' title='bbox 429 779 507 848; x_wconf 86' lang='lat' dir='ltr'><strong>inter</strong></span> <span class='ocrx_word' id='word_1_32' title='bbox 526 781 601 842; x_wconf 89' lang='lat' dir='ltr'><strong>lraec</strong></span> <span class='ocrx_word' id='word_1_33' title='bbox 623 788 653 843; x_wconf 88' lang='lat' dir='ltr'><strong>ct</strong></span> <span class='ocrx_word' id='word_1_34' title='bbox 679 780 843 861; x_wconf 89' lang='lat' dir='ltr'><strong>principem</strong></span> <span class='ocrx_word' id='word_1_35' title='bbox 864 778 923 841; x_wconf 90' lang='lat' dir='ltr'><strong>sihi</strong></span> <span class='ocrx_word' id='word_1_36' title='bbox 944 776 1063 841; x_wconf 81' lang='lat' dir='ltr'><strong>assidue</strong></span> <span class='ocrx_word' id='word_1_37' title='bbox 1084 781 1215 860; x_wconf 87' lang='lat' dir='ltr'><strong>postulat</strong></span> <span class='ocrx_word' id='word_1_38' title='bbox 1235 781 1284 843; x_wconf 92' lang='lat' dir='ltr'><strong>lo-</strong></span> 
     </span>
     <span class='ocr_line' id='line_1_6' title="bbox 215 865 1284 946; baseline 0.004 -21"><span class='ocrx_word' id='word_1_39' title='bbox 215 879 282 925; x_wconf 89' lang='lat' dir='ltr'><strong>cum</strong></span> <span class='ocrx_word' id='word_1_40' title='bbox 309 866 467 928; x_wconf 89' lang='lat' dir='ltr'><strong>communis</strong></span> <span class='ocrx_word' id='word_1_41' title='bbox 495 867 622 928; x_wconf 91' lang='lat' dir='ltr'><strong>omnium</strong></span> <span class='ocrx_word' id='word_1_42' title='bbox 648 865 781 928; x_wconf 91' lang='lat' dir='ltr'><strong>dominus</strong></span> <span class='ocrx_word' id='word_1_43' title='bbox 807 865 909 927; x_wconf 87' lang='lat' dir='ltr'><strong>Amor.</strong></span> <span class='ocrx_word' id='word_1_44' title='bbox 957 865 1034 928; x_wconf 90' lang='lat' dir='ltr'><strong>Hinc</strong></span> <span class='ocrx_word' id='word_1_45' title='bbox 1061 866 1177 944; x_wconf 82' lang='lat' dir='ltr'><strong>elegio,</strong></span> <span class='ocrx_word' id='word_1_46' title='bbox 1206 884 1284 946; x_wconf 87' lang='lat' dir='ltr'><strong>quac</strong></span> 
     </span>
     <span class='ocr_line' id='line_1_7' title="bbox 140 951 1283 1032; baseline 0.004 -21"><span class='ocrx_word' id='word_1_47' title='bbox 140 995 142 999; x_wconf 83' lang='lat'>-</span> <span class='ocrx_word' id='word_1_48' title='bbox 214 958 324 1012; x_wconf 86' lang='lat' dir='ltr'><strong>amat.</strong></span> <span class='ocrx_word' id='word_1_49' title='bbox 368 951 452 1028; x_wconf 83' lang='lat' dir='ltr'><strong>Quae</strong></span> <span class='ocrx_word' id='word_1_50' title='bbox 472 952 499 1013; x_wconf 87' lang='lat' dir='ltr'><strong>si</strong></span> <span class='ocrx_word' id='word_1_51' title='bbox 521 952 558 1014; x_wconf 89' lang='lat' dir='ltr'><strong>ob</strong></span> <span class='ocrx_word' id='word_1_52' title='bbox 582 969 633 1015; x_wconf 87' lang='lat' dir='ltr'><strong>eas</strong></span> <span class='ocrx_word' id='word_1_53' title='bbox 661 970 735 1032; x_wconf 86' lang='lat' dir='ltr'><strong>quas</strong></span> <span class='ocrx_word' id='word_1_54' title='bbox 756 968 847 1031; x_wconf 91' lang='lat' dir='ltr'><strong>sopra</strong></span> <span class='ocrx_word' id='word_1_55' title='bbox 874 953 1061 1030; x_wconf 72' lang='lat' dir='ltr'><strong>exposuimus</strong></span> <span class='ocrx_word' id='word_1_56' title='bbox 1082 951 1132 1029; x_wconf 89' lang='lat' dir='ltr'><strong>(L.</strong></span> <span class='ocrx_word' id='word_1_57' title='bbox 1146 951 1170 1014; x_wconf 85' lang='lat'><strong>1.</strong></span> <span class='ocrx_word' id='word_1_58' title='bbox 1192 969 1218 1015; x_wconf 87' lang='lat' dir='ltr'><strong>c.</strong></span> <span class='ocrx_word' id='word_1_59' title='bbox 1235 951 1283 1030; x_wconf 99' lang='grc'><strong>6.)</strong></span> 
     </span>
     <span class='ocr_line' id='line_1_8' title="bbox 213 1037 1284 1118; baseline 0.006 -23"><span class='ocrx_word' id='word_1_60' title='bbox 213 1050 321 1097; x_wconf 86' lang='lat' dir='ltr'><strong>causas</strong></span> <span class='ocrx_word' id='word_1_61' title='bbox 343 1037 423 1116; x_wconf 91' lang='lat' dir='ltr'><strong>apud</strong></span> <span class='ocrx_word' id='word_1_62' title='bbox 440 1037 589 1100; x_wconf 86' lang='lat' dir='ltr'><strong>Romanos</strong></span> <span class='ocrx_word' id='word_1_63' title='bbox 608 1037 695 1100; x_wconf 85' lang='lat' dir='ltr'><strong>huius</strong></span> <span class='ocrx_word' id='word_1_64' title='bbox 716 1037 835 1118; x_wconf 89' lang='lat' dir='ltr'><strong>generis</strong></span> <span class='ocrx_word' id='word_1_65' title='bbox 856 1045 961 1118; x_wconf 88' lang='lat' dir='ltr'><strong>poetas</strong></span> <span class='ocrx_word' id='word_1_66' title='bbox 982 1037 1136 1099; x_wconf 88' lang='lat' dir='ltr'><strong>maximam</strong></span> <span class='ocrx_word' id='word_1_67' title='bbox 1157 1047 1284 1118; x_wconf 90' lang='lat' dir='ltr'><strong>occupat</strong></span> 
     </span>
     <span class='ocr_line' id='line_1_9' title="bbox 215 1121 1283 1203; baseline 0.007 -22"><span class='ocrx_word' id='word_1_68' title='bbox 215 1135 337 1203; x_wconf 87' lang='lat' dir='ltr'><strong>operum</strong></span> <span class='ocrx_word' id='word_1_69' title='bbox 360 1132 483 1203; x_wconf 88' lang='lat' dir='ltr'><strong>partem,</strong></span> <span class='ocrx_word' id='word_1_70' title='bbox 505 1123 625 1187; x_wconf 90' lang='lat' dir='ltr'><strong>sacculo</strong></span> <span class='ocrx_word' id='word_1_71' title='bbox 645 1122 720 1187; x_wconf 90' lang='lat' dir='ltr'><strong>illud</strong></span> <span class='ocrx_word' id='word_1_72' title='bbox 741 1122 937 1198; x_wconf 88' lang='lat' dir='ltr'><strong>tribuendum,</strong></span> <span class='ocrx_word' id='word_1_73' title='bbox 959 1140 1018 1185; x_wconf 89' lang='lat' dir='ltr'><strong>uon</strong></span> <span class='ocrx_word' id='word_1_74' title='bbox 1040 1122 1157 1202; x_wconf 82' lang='lat' dir='ltr'><strong>elegiae</strong></span> <span class='ocrx_word' id='word_1_75' title='bbox 1177 1121 1283 1188; x_wconf 91' lang='lat' dir='ltr'><strong>indoli.</strong></span> 
     </span>
    </p>

    <p class='ocr_par' dir='ltr' id='par_1_4' title="bbox 151 1205 1348 1634">
     <span class='ocr_line' id='line_1_10' title="bbox 315 1205 1348 1293; baseline 0.003 -24"><span class='ocrx_word' id='word_1_76' title='bbox 315 1205 377 1270; x_wconf 89' lang='lat' dir='ltr'><strong>Nos</strong></span> <span class='ocrx_word' id='word_1_77' title='bbox 409 1209 502 1288; x_wconf 88' lang='lat' dir='ltr'><strong>igitur</strong></span> <span class='ocrx_word' id='word_1_78' title='bbox 532 1211 681 1293; x_wconf 91' lang='lat' dir='ltr'><strong>propositi</strong></span> <span class='ocrx_word' id='word_1_79' title='bbox 713 1226 857 1272; x_wconf 86' lang='lat' dir='ltr'><strong>memores</strong></span> <span class='ocrx_word' id='word_1_80' title='bbox 885 1209 945 1270; x_wconf 89' lang='lat' dir='ltr'><strong>iero</strong></span> <span class='ocrx_word' id='word_1_81' title='bbox 971 1208 1123 1291; x_wconf 85' lang='lat' dir='ltr'><strong>Propertii</strong></span> <span class='ocrx_word' id='word_1_82' title='bbox 1151 1210 1284 1272; x_wconf 87' lang='lat' dir='ltr'><strong>carmina</strong></span> <span class='ocrx_word' id='word_1_83' title='bbox 1347 1239 1348 1253; x_wconf 44' lang='grc' dir='ltr'>ι</span> 
     </span>
     <span class='ocr_line' id='line_1_11' title="bbox 215 1293 1284 1378; baseline 0.003 -24"><span class='ocrx_word' id='word_1_84' title='bbox 215 1293 427 1369; x_wconf 82' lang='lat' dir='ltr'><strong>examinemus,</strong></span> <span class='ocrx_word' id='word_1_85' title='bbox 449 1305 482 1358; x_wconf 91' lang='lat' dir='ltr'><strong>nt</strong></span> <span class='ocrx_word' id='word_1_86' title='bbox 501 1314 538 1358; x_wconf 92' lang='lat' dir='ltr'><strong>uc</strong></span> <span class='ocrx_word' id='word_1_87' title='bbox 558 1305 617 1360; x_wconf 89' lang='lat' dir='ltr'><strong>tum</strong></span> <span class='ocrx_word' id='word_1_88' title='bbox 640 1293 757 1378; x_wconf 88' lang='lat' dir='ltr'><strong>quidem</strong></span> <span class='ocrx_word' id='word_1_89' title='bbox 779 1295 941 1377; x_wconf 86' lang='lat' dir='ltr'><strong>apropria</strong></span> <span class='ocrx_word' id='word_1_90' title='bbox 965 1294 1083 1374; x_wconf 83' lang='lat' dir='ltr'><strong>elegiae</strong></span> <span class='ocrx_word' id='word_1_91' title='bbox 1103 1305 1211 1358; x_wconf 90' lang='lat' dir='ltr'><strong>natura</strong></span> <span class='ocrx_word' id='word_1_92' title='bbox 1231 1295 1284 1357; x_wconf 91' lang='lat' dir='ltr'><strong>de-</strong></span> 
     </span>
     <span class='ocr_line' id='line_1_12' title="bbox 151 1381 1285 1462; baseline 0.009 -28"><span class='ocrx_word' id='word_1_93' title='bbox 151 1427 155 1434; x_wconf 89' lang='lat'><em>.</em></span> <span class='ocrx_word' id='word_1_94' title='bbox 212 1395 359 1456; x_wconf 80' lang='lat' dir='ltr'><strong>generare</strong></span> <span class='ocrx_word' id='word_1_95' title='bbox 386 1381 442 1444; x_wconf 90' lang='lat' dir='ltr'><strong>illa</strong></span> <span class='ocrx_word' id='word_1_96' title='bbox 462 1391 623 1462; x_wconf 86' lang='lat' dir='ltr'><strong>appareat,</strong></span> <span class='ocrx_word' id='word_1_97' title='bbox 649 1400 713 1444; x_wconf 90' lang='lat' dir='ltr'><strong>cum</strong></span> <span class='ocrx_word' id='word_1_98' title='bbox 736 1381 813 1444; x_wconf 89' lang='lat' dir='ltr'><strong>inter</strong></span> <span class='ocrx_word' id='word_1_99' title='bbox 839 1382 1041 1462; x_wconf 87' lang='lat' dir='ltr'><strong>praescriptos</strong></span> <span class='ocrx_word' id='word_1_100' title='bbox 1063 1382 1202 1444; x_wconf 87' lang='lat' dir='ltr'><strong>terminos</strong></span> <span class='ocrx_word' id='word_1_101' title='bbox 1224 1390 1285 1445; x_wconf 91' lang='lat' dir='ltr'><strong>tam</strong></span> 
     </span>
     <span class='ocr_line' id='line_1_13' title="bbox 212 1463 1285 1549; baseline 0.003 -23"><span class='ocrx_word' id='word_1_102' title='bbox 212 1463 275 1528; x_wconf 88' lang='lat' dir='ltr'><strong>late</strong></span> <span class='ocrx_word' id='word_1_103' title='bbox 298 1476 459 1544; x_wconf 75' lang='lat' dir='ltr'><strong>vagentur,</strong></span> <span class='ocrx_word' id='word_1_104' title='bbox 487 1476 519 1530; x_wconf 86' lang='lat' dir='ltr'><strong>ut</strong></span> <span class='ocrx_word' id='word_1_105' title='bbox 543 1469 571 1529; x_wconf 91' lang='lat' dir='ltr'><strong>si</strong></span> <span class='ocrx_word' id='word_1_106' title='bbox 597 1469 796 1549; x_wconf 88' lang='lat' dir='ltr'><strong>proximorum</strong></span> <span class='ocrx_word' id='word_1_107' title='bbox 818 1483 959 1546; x_wconf 82' lang='lat' dir='ltr'><strong>generum</strong></span> <span class='ocrx_word' id='word_1_108' title='bbox 982 1476 1119 1549; x_wconf 81' lang='lat' dir='ltr'><strong>poemata</strong></span> <span class='ocrx_word' id='word_1_109' title='bbox 1140 1467 1179 1530; x_wconf 88' lang='lat' dir='ltr'><strong>ad</strong></span> <span class='ocrx_word' id='word_1_110' title='bbox 1205 1484 1285 1529; x_wconf 90' lang='lat' dir='ltr'><strong>ccm-</strong></span> 
     </span>
     <span class='ocr_line' id='line_1_14' title="bbox 212 1551 1284 1634; baseline 0.005 -24"><span class='ocrx_word' id='word_1_111' title='bbox 212 1567 314 1613; x_wconf 85' lang='lat' dir='ltr'><strong>munes</strong></span> <span class='ocrx_word' id='word_1_112' title='bbox 335 1551 407 1616; x_wconf 84' lang='lat' dir='ltr'><strong>fines</strong></span> <span class='ocrx_word' id='word_1_113' title='bbox 428 1555 513 1634; x_wconf 83' lang='lat' dir='ltr'><strong>quasi</strong></span> <span class='ocrx_word' id='word_1_114' title='bbox 536 1555 653 1618; x_wconf 81' lang='lat' dir='ltr'><strong>obuiam</strong></span> <span class='ocrx_word' id='word_1_115' title='bbox 673 1552 734 1615; x_wconf 86' lang='lat' dir='ltr'><strong>illis</strong></span> <span class='ocrx_word' id='word_1_116' title='bbox 753 1551 934 1634; x_wconf 90' lang='lat' dir='ltr'><strong>procedant,</strong></span> <span class='ocrx_word' id='word_1_117' title='bbox 956 1554 1051 1616; x_wconf 83' lang='lat' dir='ltr'><strong>solum</strong></span> <span class='ocrx_word' id='word_1_118' title='bbox 1072 1553 1158 1616; x_wconf 86' lang='lat' dir='ltr'><strong>metri</strong></span> <span class='ocrx_word' id='word_1_119' title='bbox 1178 1553 1284 1615; x_wconf 88' lang='lat' dir='ltr'><strong>discri-</strong></span> 
     </span>
    </p>
   </div>
   <div class='ocr_carea' id='block_1_4' title="bbox 212 1638 1408 1720">
    <p class='ocr_par' dir='ltr' id='par_1_5' title="bbox 212 1638 1408 1720">
     <span class='ocr_line' id='line_1_15' title="bbox 212 1638 1408 1720; baseline 0.005 -24"><span class='ocrx_word' id='word_1_120' title='bbox 212 1653 279 1697; x_wconf 91' lang='lat' dir='ltr'><strong>men</strong></span> <span class='ocrx_word' id='word_1_121' title='bbox 300 1656 444 1720; x_wconf 86' lang='lat' dir='ltr'><strong>superare</strong></span> <span class='ocrx_word' id='word_1_122' title='bbox 465 1638 611 1703; x_wconf 87' lang='lat' dir='ltr'><strong>rideatur.</strong></span> <span class='ocrx_word' id='word_1_123' title='bbox 655 1639 770 1718; x_wconf 83' lang='lat' dir='ltr'><strong>Etenim</strong></span> <span class='ocrx_word' id='word_1_124' title='bbox 794 1639 821 1701; x_wconf 93' lang='lat' dir='ltr'><strong>si</strong></span> <span class='ocrx_word' id='word_1_125' title='bbox 847 1648 938 1720; x_wconf 88' lang='lat' dir='ltr'><strong>pocta</strong></span> <span class='ocrx_word' id='word_1_126' title='bbox 963 1657 1086 1720; x_wconf 88' lang='lat' dir='ltr'><strong>parrum</strong></span> <span class='ocrx_word' id='word_1_127' title='bbox 1114 1647 1285 1702; x_wconf 85' lang='lat' dir='ltr'><strong>contractae</strong></span> <span class='ocrx_word' id='word_1_128' title='bbox 1407 1639 1408 1644; x_wconf 72' lang='grc'>’</span> 
     </span>
    </p>
   </div>
   <div class='ocr_carea' id='block_1_5' title="bbox 136 1721 1289 3352">
    <p class='ocr_par' dir='ltr' id='par_1_6' title="bbox 136 1721 1289 3352">
     <span class='ocr_line' id='line_1_16' title="bbox 136 1721 1285 1804; baseline 0.003 -20"><span class='ocrx_word' id='word_1_129' title='bbox 136 1739 138 1745; x_wconf 80' lang='grc'><strong>’</strong></span> <span class='ocrx_word' id='word_1_130' title='bbox 212 1721 309 1797; x_wconf 85' lang='lat' dir='ltr'><strong>uitae,</strong></span> <span class='ocrx_word' id='word_1_131' title='bbox 331 1734 363 1787; x_wconf 90' lang='lat' dir='ltr'><strong>ut</strong></span> <span class='ocrx_word' id='word_1_132' title='bbox 383 1727 426 1787; x_wconf 90' lang='lat' dir='ltr'><strong>ita</strong></span> <span class='ocrx_word' id='word_1_133' title='bbox 446 1725 556 1800; x_wconf 88' lang='lat' dir='ltr'><strong>dicam,</strong></span> <span class='ocrx_word' id='word_1_134' title='bbox 583 1743 686 1804; x_wconf 79' lang='lat' dir='ltr'><strong>gyrum</strong></span> <span class='ocrx_word' id='word_1_135' title='bbox 708 1741 766 1787; x_wconf 92' lang='lat' dir='ltr'><strong>nou</strong></span> <span class='ocrx_word' id='word_1_136' title='bbox 788 1725 941 1803; x_wconf 88' lang='lat' dir='ltr'><strong>egreditur</strong></span> <span class='ocrx_word' id='word_1_137' title='bbox 960 1725 1044 1788; x_wconf 92' lang='lat' dir='ltr'><strong>illum</strong></span> <span class='ocrx_word' id='word_1_138' title='bbox 1065 1725 1200 1804; x_wconf 86' lang='lat' dir='ltr'><strong>quidem,</strong></span> <span class='ocrx_word' id='word_1_139' title='bbox 1230 1723 1285 1788; x_wconf 89' lang='lat' dir='ltr'><strong>sed</strong></span> 
     </span>
     <span class='ocr_line' id='line_1_17' title="bbox 212 1809 1286 1892; baseline 0.005 -24"><span class='ocrx_word' id='word_1_140' title='bbox 212 1809 303 1869; x_wconf 88' lang='lat' dir='ltr'><strong>animi</strong></span> <span class='ocrx_word' id='word_1_141' title='bbox 338 1820 418 1873; x_wconf 90' lang='lat' dir='ltr'><strong>motu</strong></span> <span class='ocrx_word' id='word_1_142' title='bbox 446 1811 569 1873; x_wconf 90' lang='lat' dir='ltr'><strong>remisso</strong></span> <span class='ocrx_word' id='word_1_143' title='bbox 602 1828 663 1873; x_wconf 90' lang='lat' dir='ltr'><strong>rem</strong></span> <span class='ocrx_word' id='word_1_144' title='bbox 694 1811 792 1891; x_wconf 91' lang='lat' dir='ltr'><strong>potius</strong></span> <span class='ocrx_word' id='word_1_145' title='bbox 824 1828 910 1890; x_wconf 88' lang='lat' dir='ltr'><strong>quam</strong></span> <span class='ocrx_word' id='word_1_146' title='bbox 938 1829 971 1874; x_wconf 84' lang='lat' dir='ltr'><strong>so</strong></span> <span class='ocrx_word' id='word_1_147' title='bbox 1005 1817 1135 1892; x_wconf 89' lang='lat' dir='ltr'><strong>spectet,</strong></span> <span class='ocrx_word' id='word_1_148' title='bbox 1160 1828 1286 1886; x_wconf 62' lang='lat' dir='ltr'><strong>‚carmen</strong></span> 
     </span>
     <span class='ocr_line' id='line_1_18' title="bbox 212 1895 1287 1979; baseline 0.005 -25"><span class='ocrx_word' id='word_1_149' title='bbox 212 1895 357 1970; x_wconf 88' lang='lat' dir='ltr'><strong>nascitur,</strong></span> <span class='ocrx_word' id='word_1_150' title='bbox 381 1896 460 1978; x_wconf 86' lang='lat' dir='ltr'><strong>quod</strong></span> <span class='ocrx_word' id='word_1_151' title='bbox 482 1896 603 1976; x_wconf 78' lang='lat' dir='ltr'><strong>idyllia,</strong></span> <span class='ocrx_word' id='word_1_152' title='bbox 632 1897 710 1979; x_wconf 92' lang='lat' dir='ltr'><strong>epici</strong></span> <span class='ocrx_word' id='word_1_153' title='bbox 736 1897 856 1976; x_wconf 87' lang='lat' dir='ltr'><strong>generis</strong></span> <span class='ocrx_word' id='word_1_154' title='bbox 878 1897 993 1975; x_wconf 78' lang='lat' dir='ltr'><strong>formae</strong></span> <span class='ocrx_word' id='word_1_155' title='bbox 1013 1898 1160 1972; x_wconf 85' lang='lat' dir='ltr'><strong>minutae,</strong></span> <span class='ocrx_word' id='word_1_156' title='bbox 1181 1897 1287 1978; x_wconf 90' lang='lat' dir='ltr'><strong>proxi·</strong></span> 
     </span>
     <span class='ocr_line' id='line_1_19' title="bbox 212 1981 1285 2063; baseline 0.004 -21"><span class='ocrx_word' id='word_1_157' title='bbox 212 1995 289 2042; x_wconf 88' lang='lat' dir='ltr'><strong>mum</strong></span> <span class='ocrx_word' id='word_1_158' title='bbox 316 1988 370 2044; x_wconf 88' lang='lat' dir='ltr'><strong>est.</strong></span> <span class='ocrx_word' id='word_1_159' title='bbox 420 1981 510 2045; x_wconf 71' lang='lat' dir='ltr'><strong>Curius</strong></span> <span class='ocrx_word' id='word_1_160' title='bbox 536 1983 659 2062; x_wconf 85' lang='lat' dir='ltr'><strong>generis</strong></span> <span class='ocrx_word' id='word_1_161' title='bbox 682 1982 834 2063; x_wconf 83' lang='lat' dir='ltr'><strong>Propertii</strong></span> <span class='ocrx_word' id='word_1_162' title='bbox 863 1991 908 2046; x_wconf 89' lang='lat' dir='ltr'><strong>est</strong></span> <span class='ocrx_word' id='word_1_163' title='bbox 938 1983 1113 2046; x_wconf 84' lang='lat' dir='ltr'><strong>suauissima</strong></span> <span class='ocrx_word' id='word_1_164' title='bbox 1136 1981 1184 2044; x_wconf 94' lang='grc' dir='ltr'><strong>ΕΙ.</strong></span> <span class='ocrx_word' id='word_1_165' title='bbox 1202 1982 1231 2061; x_wconf 92' lang='grc' dir='ltr'><strong>Ι,</strong></span> <span class='ocrx_word' id='word_1_166' title='bbox 1254 1986 1285 2046; x_wconf 97' lang='grc'><strong>3.</strong></span> 
     </span>
     <span class='ocr_line' id='line_1_20' title="bbox 212 2062 1286 2154; baseline 0.002 -28"><span class='ocrx_word' id='word_1_167' title='bbox 212 2062 327 2128; x_wconf 82' lang='lat' dir='ltr'><strong>Eodem</strong></span> <span class='ocrx_word' id='word_1_168' title='bbox 353 2067 483 2129; x_wconf 84' lang='lat' dir='ltr'><strong>fortasse</strong></span> <span class='ocrx_word' id='word_1_169' title='bbox 512 2069 628 2154; x_wconf 83' lang='lat' dir='ltr'><strong>referas</strong></span> <span class='ocrx_word' id='word_1_170' title='bbox 655 2067 703 2130; x_wconf 93' lang='grc' dir='ltr'><strong>ΕΙ.</strong></span> <span class='ocrx_word' id='word_1_171' title='bbox 728 2067 853 2146; x_wconf 84' lang='lat' dir='ltr'><strong>1,to.,</strong></span> <span class='ocrx_word' id='word_1_172' title='bbox 880 2068 938 2130; x_wconf 89' lang='lat' dir='ltr'><strong>cisi</strong></span> <span class='ocrx_word' id='word_1_173' title='bbox 968 2069 1016 2130; x_wconf 89' lang='lat' dir='ltr'><strong>lric</strong></span> <span class='ocrx_word' id='word_1_174' title='bbox 1047 2069 1198 2149; x_wconf 83' lang='lat' dir='ltr'><strong>querentis</strong></span> <span class='ocrx_word' id='word_1_175' title='bbox 1228 2068 1286 2130; x_wconf 84' lang='lat' dir='ltr'><strong>uiri</strong></span> 
     </span>
     <span class='ocr_line' id='line_1_21' title="bbox 211 2153 1286 2234; baseline 0.003 -22"><span class='ocrx_word' id='word_1_176' title='bbox 211 2167 343 2231; x_wconf 86' lang='lat' dir='ltr'><strong>persona</strong></span> <span class='ocrx_word' id='word_1_177' title='bbox 361 2153 456 2232; x_wconf 88' lang='lat' dir='ltr'><strong>ipsum</strong></span> <span class='ocrx_word' id='word_1_178' title='bbox 475 2163 592 2234; x_wconf 85' lang='lat' dir='ltr'><strong>poetam</strong></span> <span class='ocrx_word' id='word_1_179' title='bbox 611 2153 707 2215; x_wconf 88' lang='lat' dir='ltr'><strong>latere</strong></span> <span class='ocrx_word' id='word_1_180' title='bbox 727 2154 868 2234; x_wconf 87' lang='lat' dir='ltr'><strong>suspicati</strong></span> <span class='ocrx_word' id='word_1_181' title='bbox 885 2154 1038 2234; x_wconf 88' lang='lat' dir='ltr'><strong>propriam</strong></span> <span class='ocrx_word' id='word_1_182' title='bbox 1058 2153 1187 2232; x_wconf 86' lang='lat' dir='ltr'><strong>elegiam</strong></span> <span class='ocrx_word' id='word_1_183' title='bbox 1206 2154 1286 2216; x_wconf 86' lang='lat' dir='ltr'><strong>ellici</strong></span> 
     </span>
     <span class='ocr_line' id='line_1_22' title="bbox 212 2237 1285 2322; baseline 0.005 -23"><span class='ocrx_word' id='word_1_184' title='bbox 212 2239 322 2299; x_wconf 86' lang='lat' dir='ltr'><strong>rectius</strong></span> <span class='ocrx_word' id='word_1_185' title='bbox 345 2237 485 2301; x_wconf 78' lang='lat' dir='ltr'><strong>dicamus.</strong></span> <span class='ocrx_word' id='word_1_186' title='bbox 528 2240 592 2304; x_wconf 90' lang='lat' dir='ltr'><strong>Huc</strong></span> <span class='ocrx_word' id='word_1_187' title='bbox 613 2239 703 2322; x_wconf 88' lang='lat' dir='ltr'><strong>plano</strong></span> <span class='ocrx_word' id='word_1_188' title='bbox 721 2240 851 2319; x_wconf 77' lang='lat' dir='ltr'><strong>pertinet</strong></span> <span class='ocrx_word' id='word_1_189' title='bbox 870 2237 916 2301; x_wconf 93' lang='grc' dir='ltr'><strong>ΕΙ.</strong></span> <span class='ocrx_word' id='word_1_190' title='bbox 936 2238 968 2315; x_wconf 90' lang='grc' dir='ltr'><strong>Ι,</strong></span> <span class='ocrx_word' id='word_1_191' title='bbox 991 2244 1040 2304; x_wconf 89' lang='grc'><strong>20.</strong></span> <span class='ocrx_word' id='word_1_192' title='bbox 1062 2240 1132 2302; x_wconf 89' lang='lat' dir='ltr'><strong>coll.</strong></span> <span class='ocrx_word' id='word_1_193' title='bbox 1157 2240 1285 2304; x_wconf 85' lang='lat' dir='ltr'><strong>Theocr.</strong></span> 
     </span>
     <span class='ocr_line' id='line_1_23' title="bbox 212 2320 1286 2402; baseline 0.006 -20"><span class='ocrx_word' id='word_1_194' title='bbox 212 2320 300 2401; x_wconf 81' lang='lat' dir='ltr'><strong>ldpll.</strong></span> <span class='ocrx_word' id='word_1_195' title='bbox 322 2327 387 2398; x_wconf 84' lang='lat'><strong>13.;</strong></span> <span class='ocrx_word' id='word_1_196' title='bbox 407 2324 454 2386; x_wconf 93' lang='grc' dir='ltr'><strong>ΕΙ.</strong></span> <span class='ocrx_word' id='word_1_197' title='bbox 474 2323 511 2400; x_wconf 98' lang='grc' dir='ltr'><strong>ΙΙ,</strong></span> <span class='ocrx_word' id='word_1_198' title='bbox 532 2330 601 2400; x_wconf 88' lang='grc'><strong>29.,</strong></span> <span class='ocrx_word' id='word_1_199' title='bbox 622 2326 679 2387; x_wconf 91' lang='lat' dir='ltr'><strong>huc</strong></span> <span class='ocrx_word' id='word_1_200' title='bbox 700 2325 814 2387; x_wconf 89' lang='lat' dir='ltr'><strong>somnia</strong></span> <span class='ocrx_word' id='word_1_201' title='bbox 835 2323 890 2386; x_wconf 91' lang='lat' dir='ltr'><strong>illa</strong></span> <span class='ocrx_word' id='word_1_202' title='bbox 911 2323 949 2400; x_wconf 92' lang='grc' dir='ltr'><strong>ΙΙ,</strong></span> <span class='ocrx_word' id='word_1_203' title='bbox 972 2329 1023 2389; x_wconf 88' lang='grc'><strong>26.</strong></span> <span class='ocrx_word' id='word_1_204' title='bbox 1043 2324 1097 2401; x_wconf 87' lang='grc' dir='ltr'><strong>ΙΙΙ,</strong></span> <span class='ocrx_word' id='word_1_205' title='bbox 1116 2329 1145 2389; x_wconf 89' lang='grc'><strong>3.</strong></span> <span class='ocrx_word' id='word_1_206' title='bbox 1168 2324 1218 2401; x_wconf 86' lang='grc' dir='ltr'><strong>ΙΙΙ,</strong></span> <span class='ocrx_word' id='word_1_207' title='bbox 1238 2329 1286 2402; x_wconf 85' lang='grc'><strong>7.;</strong></span> 
     </span>
     <span class='ocr_line' id='line_1_24' title="bbox 211 2407 1287 2493; baseline -0.001 -21"><span class='ocrx_word' id='word_1_208' title='bbox 211 2407 270 2472; x_wconf 83' lang='lat' dir='ltr'><strong>oue</strong></span> <span class='ocrx_word' id='word_1_209' title='bbox 293 2407 418 2490; x_wconf 87' lang='lat' dir='ltr'><strong>denique</strong></span> <span class='ocrx_word' id='word_1_210' title='bbox 440 2428 499 2472; x_wconf 90' lang='lat' dir='ltr'><strong>nou</strong></span> <span class='ocrx_word' id='word_1_211' title='bbox 521 2411 621 2493; x_wconf 91' lang='lat' dir='ltr'><strong>inepte</strong></span> <span class='ocrx_word' id='word_1_212' title='bbox 641 2410 791 2473; x_wconf 86' lang='lat' dir='ltr'><strong>rettuleris</strong></span> <span class='ocrx_word' id='word_1_213' title='bbox 812 2410 860 2474; x_wconf 92' lang='grc' dir='ltr'><strong>ΕΙ.</strong></span> <span class='ocrx_word' id='word_1_214' title='bbox 879 2409 939 2486; x_wconf 91' lang='grc' dir='ltr'><strong>ΙΙΙ,</strong></span> <span class='ocrx_word' id='word_1_215' title='bbox 966 2413 1013 2488; x_wconf 93' lang='grc'><strong>8.,</strong></span> <span class='ocrx_word' id='word_1_216' title='bbox 1041 2412 1172 2491; x_wconf 84' lang='lat' dir='ltr'><strong>quemuis</strong></span> <span class='ocrx_word' id='word_1_217' title='bbox 1194 2411 1287 2474; x_wconf 90' lang='lat' dir='ltr'><strong>conri-</strong></span> 
     </span>
     <span class='ocr_line' id='line_1_25' title="bbox 212 2495 1287 2577; baseline 0.006 -23"><span class='ocrx_word' id='word_1_218' title='bbox 212 2509 278 2555; x_wconf 91' lang='lat' dir='ltr'><strong>cum</strong></span> <span class='ocrx_word' id='word_1_219' title='bbox 300 2512 337 2557; x_wconf 87' lang='lat' dir='ltr'><strong>aa</strong></span> <span class='ocrx_word' id='word_1_220' title='bbox 358 2495 502 2576; x_wconf 86' lang='lat' dir='ltr'><strong>quendam</strong></span> <span class='ocrx_word' id='word_1_221' title='bbox 524 2497 571 2559; x_wconf 89' lang='lat' dir='ltr'><strong>lic</strong></span> <span class='ocrx_word' id='word_1_222' title='bbox 590 2496 654 2558; x_wconf 87' lang='lat' dir='ltr'><strong>illic</strong></span> <span class='ocrx_word' id='word_1_223' title='bbox 673 2497 733 2574; x_wconf 85' lang='lat' dir='ltr'><strong>(ru.</strong></span> <span class='ocrx_word' id='word_1_224' title='bbox 753 2500 804 2560; x_wconf 82' lang='grc'><strong>19.</strong></span> <span class='ocrx_word' id='word_1_225' title='bbox 820 2497 872 2561; x_wconf 87' lang='grc'><strong>25.</strong></span> <span class='ocrx_word' id='word_1_226' title='bbox 890 2496 957 2577; x_wconf 88' lang='grc'><strong>26.)</strong></span> <span class='ocrx_word' id='word_1_227' title='bbox 978 2505 1008 2559; x_wconf 90' lang='lat' dir='ltr'><strong>et</strong></span> <span class='ocrx_word' id='word_1_228' title='bbox 1028 2499 1139 2560; x_wconf 88' lang='lat' dir='ltr'><strong>satirae</strong></span> <span class='ocrx_word' id='word_1_229' title='bbox 1162 2495 1287 2560; x_wconf 90' lang='lat' dir='ltr'><strong>similem</strong></span> 
     </span>
     <span class='ocr_line' id='line_1_26' title="bbox 167 2578 1286 2664; baseline 0.004 -24"><span class='ocrx_word' id='word_1_230' title='bbox 167 2578 175 2625; x_wconf 72' lang='grc' dir='ltr'><strong>ἵ</strong></span> <span class='ocrx_word' id='word_1_231' title='bbox 211 2581 312 2642; x_wconf 82' lang='lat' dir='ltr'><strong>trahat</strong></span> <span class='ocrx_word' id='word_1_232' title='bbox 336 2581 477 2645; x_wconf 91' lang='lat' dir='ltr'><strong>colorem.</strong></span> <span class='ocrx_word' id='word_1_233' title='bbox 523 2583 569 2645; x_wconf 85' lang='lat' dir='ltr'><strong>ct.</strong></span> <span class='ocrx_word' id='word_1_234' title='bbox 591 2583 663 2646; x_wconf 86' lang='lat' dir='ltr'><strong>llor.</strong></span> <span class='ocrx_word' id='word_1_235' title='bbox 685 2582 748 2644; x_wconf 89' lang='lat' dir='ltr'><strong>Sat.</strong></span> <span class='ocrx_word' id='word_1_236' title='bbox 766 2583 797 2658; x_wconf 94' lang='grc' dir='ltr'><strong>Ι,</strong></span> <span class='ocrx_word' id='word_1_237' title='bbox 818 2583 849 2646; x_wconf 91' lang='grc'><strong>5.</strong></span> <span class='ocrx_word' id='word_1_238' title='bbox 894 2581 1003 2648; x_wconf 90' lang='lat' dir='ltr'><strong>Verum</strong></span> <span class='ocrx_word' id='word_1_239' title='bbox 1024 2600 1061 2645; x_wconf 90' lang='lat' dir='ltr'><strong>ne</strong></span> <span class='ocrx_word' id='word_1_240' title='bbox 1090 2583 1121 2645; x_wconf 90' lang='lat' dir='ltr'><strong>iu</strong></span> <span class='ocrx_word' id='word_1_241' title='bbox 1150 2584 1196 2645; x_wconf 90' lang='lat' dir='ltr'><strong>his</strong></span> <span class='ocrx_word' id='word_1_242' title='bbox 1219 2583 1286 2664; x_wconf 89' lang='lat' dir='ltr'><strong>qui-</strong></span> 
     </span>
     <span class='ocr_line' id='line_1_27' title="bbox 212 2663 1288 2749; baseline -0.001 -17"><span class='ocrx_word' id='word_1_243' title='bbox 212 2663 279 2732; x_wconf 82' lang='lat' dir='ltr'><strong>dem</strong></span> <span class='ocrx_word' id='word_1_244' title='bbox 307 2685 464 2746; x_wconf 87' lang='lat' dir='ltr'><strong>personam</strong></span> <span class='ocrx_word' id='word_1_245' title='bbox 490 2678 598 2749; x_wconf 87' lang='lat' dir='ltr'><strong>poetae</strong></span> <span class='ocrx_word' id='word_1_246' title='bbox 623 2685 746 2749; x_wconf 90' lang='lat' dir='ltr'><strong>prorsus</strong></span> <span class='ocrx_word' id='word_1_247' title='bbox 774 2677 793 2731; x_wconf 85' lang='lat' dir='ltr'><strong>a</strong></span> <span class='ocrx_word' id='word_1_248' title='bbox 819 2685 908 2731; x_wconf 90' lang='lat' dir='ltr'><strong>scena</strong></span> <span class='ocrx_word' id='word_1_249' title='bbox 930 2666 1117 2730; x_wconf 80' lang='lat' dir='ltr'><strong>recedentem</strong></span> <span class='ocrx_word' id='word_1_250' title='bbox 1144 2668 1288 2746; x_wconf 86' lang='lat' dir='ltr'><strong>ridemus,</strong></span> 
     </span>
     <span class='ocr_line' id='line_1_28' title="bbox 212 2752 1286 2844; baseline 0.007 -33"><span class='ocrx_word' id='word_1_251' title='bbox 212 2752 264 2832; x_wconf 84' lang='lat' dir='ltr'><strong>qui</strong></span> <span class='ocrx_word' id='word_1_252' title='bbox 291 2753 318 2812; x_wconf 89' lang='lat' dir='ltr'><strong>si</strong></span> <span class='ocrx_word' id='word_1_253' title='bbox 345 2753 376 2814; x_wconf 91' lang='lat' dir='ltr'><strong>in</strong></span> <span class='ocrx_word' id='word_1_254' title='bbox 401 2753 506 2834; x_wconf 85' lang='lat' dir='ltr'><strong>idyllio</strong></span> <span class='ocrx_word' id='word_1_255' title='bbox 530 2772 648 2836; x_wconf 87' lang='lat' dir='ltr'><strong>quoquc</strong></span> <span class='ocrx_word' id='word_1_256' title='bbox 666 2754 774 2815; x_wconf 90' lang='lat' dir='ltr'><strong>-lccum</strong></span> <span class='ocrx_word' id='word_1_257' title='bbox 802 2753 861 2816; x_wconf 84' lang='lat' dir='ltr'><strong>silti</strong></span> <span class='ocrx_word' id='word_1_258' title='bbox 887 2754 974 2816; x_wconf 89' lang='lat' dir='ltr'><strong>sumit</strong></span> <span class='ocrx_word' id='word_1_259' title='bbox 997 2753 1049 2844; x_wconf 79' lang='lat' dir='ltr'><strong>(cl.</strong></span> <span class='ocrx_word' id='word_1_260' title='bbox 1072 2754 1199 2817; x_wconf 85' lang='lat' dir='ltr'><strong>Tlreocr.</strong></span> <span class='ocrx_word' id='word_1_261' title='bbox 1221 2755 1242 2816; x_wconf 93' lang='grc' dir='ltr'><strong>Ι.</strong></span> <span class='ocrx_word' id='word_1_262' title='bbox 1256 2756 1286 2819; x_wconf 92' lang='grc' dir='ltr'><strong>Ι.</strong></span> 
     </span>
     <span class='ocr_line' id='line_1_29' title="bbox 210 2836 1287 2920; baseline 0.002 -18"><span class='ocrx_word' id='word_1_263' title='bbox 210 2836 254 2902; x_wconf 92' lang='lat' dir='ltr'><strong>Id.</strong></span> <span class='ocrx_word' id='word_1_264' title='bbox 278 2841 306 2900; x_wconf 84' lang='lat'><strong>3.</strong></span> <span class='ocrx_word' id='word_1_265' title='bbox 329 2843 359 2902; x_wconf 93' lang='grc'><strong>6.</strong></span> <span class='ocrx_word' id='word_1_266' title='bbox 384 2842 433 2902; x_wconf 93' lang='grc' dir='ltr'><strong>ΙΙ.</strong></span> <span class='ocrx_word' id='word_1_267' title='bbox 457 2844 507 2903; x_wconf 92' lang='grc'><strong>12.</strong></span> <span class='ocrx_word' id='word_1_268' title='bbox 529 2841 612 2916; x_wconf 88' lang='lat' dir='ltr'><strong>all),</strong></span> <span class='ocrx_word' id='word_1_269' title='bbox 640 2838 714 2900; x_wconf 90' lang='lat' dir='ltr'><strong>nihil</strong></span> <span class='ocrx_word' id='word_1_270' title='bbox 742 2839 867 2920; x_wconf 86' lang='lat' dir='ltr'><strong>amplius</strong></span> <span class='ocrx_word' id='word_1_271' title='bbox 896 2840 1035 2914; x_wconf 88' lang='lat' dir='ltr'><strong>interest,</strong></span> <span class='ocrx_word' id='word_1_272' title='bbox 1066 2840 1124 2902; x_wconf 93' lang='lat' dir='ltr'><strong>nisi</strong></span> <span class='ocrx_word' id='word_1_273' title='bbox 1152 2849 1287 2904; x_wconf 87' lang='lat' dir='ltr'><strong>metrum.</strong></span> 
     </span>
     <span class='ocr_line' id='line_1_30' title="bbox 212 2921 1288 3006; baseline 0.006 -24"><span class='ocrx_word' id='word_1_274' title='bbox 212 2921 290 3000; x_wconf 77' lang='lat' dir='ltr'><strong>Quin</strong></span> <span class='ocrx_word' id='word_1_275' title='bbox 312 2925 398 2987; x_wconf 92' lang='lat' dir='ltr'><strong>immo</strong></span> <span class='ocrx_word' id='word_1_276' title='bbox 420 2943 523 2989; x_wconf 82' lang='lat' dir='ltr'><strong>uersus</strong></span> <span class='ocrx_word' id='word_1_277' title='bbox 543 2943 600 3006; x_wconf 91' lang='lat' dir='ltr'><strong>pro</strong></span> <span class='ocrx_word' id='word_1_278' title='bbox 621 2926 705 2987; x_wconf 84' lang='lat' dir='ltr'><strong>uario</strong></span> <span class='ocrx_word' id='word_1_279' title='bbox 727 2924 858 2988; x_wconf 87' lang='lat' dir='ltr'><strong>eiusdem</strong></span> <span class='ocrx_word' id='word_1_280' title='bbox 880 2925 1018 2986; x_wconf 89' lang='lat' dir='ltr'><strong>carminis</strong></span> <span class='ocrx_word' id='word_1_281' title='bbox 1039 2935 1211 3004; x_wconf 90' lang='lat' dir='ltr'><strong>argumento</strong></span> <span class='ocrx_word' id='word_1_282' title='bbox 1234 2944 1288 2988; x_wconf 83' lang='lat' dir='ltr'><strong>ra-</strong></span> 
     </span>
     <span class='ocr_line' id='line_1_31' title="bbox 211 3008 1289 3091; baseline 0.006 -22"><span class='ocrx_word' id='word_1_283' title='bbox 211 3010 309 3076; x_wconf 82' lang='lat' dir='ltr'><strong>riasse</strong></span> <span class='ocrx_word' id='word_1_284' title='bbox 328 3009 459 3073; x_wconf 86' lang='lat' dir='ltr'><strong>ridemus</strong></span> <span class='ocrx_word' id='word_1_285' title='bbox 481 3012 634 3075; x_wconf 87' lang='lat' dir='ltr'><strong>bucolicus</strong></span> <span class='ocrx_word' id='word_1_286' title='bbox 653 3009 768 3091; x_wconf 83' lang='lat' dir='ltr'><strong>poetas,</strong></span> <span class='ocrx_word' id='word_1_287' title='bbox 790 3019 821 3075; x_wconf 88' lang='lat' dir='ltr'><strong>ut</strong></span> <span class='ocrx_word' id='word_1_288' title='bbox 838 3008 989 3072; x_wconf 79' lang='lat' dir='ltr'><strong>Theocrit.</strong></span> <span class='ocrx_word' id='word_1_289' title='bbox 1006 3012 1035 3073; x_wconf 91' lang='grc'><strong>8.</strong></span> <span class='ocrx_word' id='word_1_290' title='bbox 1080 3010 1168 3089; x_wconf 82' lang='lat' dir='ltr'><strong>Quod</strong></span> <span class='ocrx_word' id='word_1_291' title='bbox 1189 3029 1289 3075; x_wconf 85' lang='lat' dir='ltr'><strong>exem-</strong></span> 
     </span>
     <span class='ocr_line' id='line_1_32' title="bbox 211 3093 1287 3174; baseline 0.005 -19"><span class='ocrx_word' id='word_1_292' title='bbox 211 3093 303 3174; x_wconf 93' lang='lat' dir='ltr'><strong>plum,</strong></span> <span class='ocrx_word' id='word_1_293' title='bbox 321 3096 353 3157; x_wconf 90' lang='lat' dir='ltr'><strong>ni</strong></span> <span class='ocrx_word' id='word_1_294' title='bbox 372 3097 474 3171; x_wconf 76' lang='lat' dir='ltr'><strong>fallor,</strong></span> <span class='ocrx_word' id='word_1_295' title='bbox 494 3098 615 3165; x_wconf 84' lang='lat' dir='ltr'><strong>intuitus</strong></span> <span class='ocrx_word' id='word_1_296' title='bbox 636 3096 762 3160; x_wconf 88' lang='lat' dir='ltr'><strong>lleereu.</strong></span> <span class='ocrx_word' id='word_1_297' title='bbox 780 3095 812 3156; x_wconf 88' lang='lat' dir='ltr'><strong>in</strong></span> <span class='ocrx_word' id='word_1_298' title='bbox 834 3096 1076 3160; x_wconf 85' lang='lat' dir='ltr'><strong>commentatione</strong></span> <span class='ocrx_word' id='word_1_299' title='bbox 1097 3096 1134 3160; x_wconf 91' lang='lat' dir='ltr'><strong>de</strong></span> <span class='ocrx_word' id='word_1_300' title='bbox 1154 3098 1287 3160; x_wconf 87' lang='lat' dir='ltr'><strong>fontibus</strong></span> 
     </span>
     <span class='ocr_line' id='line_1_33' title="bbox 211 3179 1288 3264; baseline 0.003 -22"><span class='ocrx_word' id='word_1_301' title='bbox 211 3179 392 3260; x_wconf 83' lang='lat' dir='ltr'><strong>Eclcgarum</strong></span> <span class='ocrx_word' id='word_1_302' title='bbox 409 3183 533 3254; x_wconf 88' lang='lat' dir='ltr'><strong>Stobeei</strong></span> <span class='ocrx_word' id='word_1_303' title='bbox 554 3201 583 3263; x_wconf 89' lang='lat' dir='ltr'><strong>p.</strong></span> <span class='ocrx_word' id='word_1_304' title='bbox 601 3181 672 3245; x_wconf 85' lang='grc'><strong>157.</strong></span> <span class='ocrx_word' id='word_1_305' title='bbox 715 3180 861 3244; x_wconf 87' lang='lat' dir='ltr'><strong>Philetam</strong></span> <span class='ocrx_word' id='word_1_306' title='bbox 882 3181 913 3242; x_wconf 91' lang='lat' dir='ltr'><strong>in</strong></span> <span class='ocrx_word' id='word_1_307' title='bbox 932 3182 1088 3257; x_wconf 87' lang='lat' dir='ltr'><strong>llermetc,</strong></span> <span class='ocrx_word' id='word_1_308' title='bbox 1113 3193 1202 3264; x_wconf 90' lang='lat' dir='ltr'><strong>prout</strong></span> <span class='ocrx_word' id='word_1_309' title='bbox 1224 3201 1288 3247; x_wconf 89' lang='lat' dir='ltr'><strong>ma-</strong></span> 
     </span>
     <span class='ocr_line' id='line_1_34' title="bbox 212 3260 1288 3352; baseline 0.005 -24"><span class='ocrx_word' id='word_1_310' title='bbox 212 3267 291 3329; x_wconf 88' lang='lat' dir='ltr'><strong>teria</strong></span> <span class='ocrx_word' id='word_1_311' title='bbox 313 3267 432 3330; x_wconf 86' lang='lat' dir='ltr'><strong>diuersa</strong></span> <span class='ocrx_word' id='word_1_312' title='bbox 453 3260 634 3348; x_wconf 70' lang='lat' dir='ltr'><strong>postularet,</strong></span> <span class='ocrx_word' id='word_1_313' title='bbox 649 3267 796 3330; x_wconf 81' lang='lat' dir='ltr'><strong>diuersum</strong></span> <span class='ocrx_word' id='word_1_314' title='bbox 819 3275 941 3329; x_wconf 89' lang='lat' dir='ltr'><strong>metrum</strong></span> <span class='ocrx_word' id='word_1_315' title='bbox 960 3267 1132 3331; x_wconf 87' lang='lat' dir='ltr'><strong>adhibuisse</strong></span> <span class='ocrx_word' id='word_1_316' title='bbox 1153 3272 1288 3352; x_wconf 87' lang='lat' dir='ltr'><strong>suspica-</strong></span> 
     </span>
    </p>
   </div>
   <div class='ocr_carea' id='block_1_6' title="bbox 107 3350 1287 3437">
    <p class='ocr_par' dir='ltr' id='par_1_7' title="bbox 107 3350 1287 3437">
     <span class='ocr_line' id='line_1_35' title="bbox 107 3350 1287 3437; baseline 0.005 -24"><span class='ocrx_word' id='word_1_317' title='bbox 107 3427 110 3430; x_wconf 25' lang='lat'>·</span> <span class='ocrx_word' id='word_1_318' title='bbox 211 3360 270 3416; x_wconf 85' lang='lat' dir='ltr'><strong>tur.</strong></span> <span class='ocrx_word' id='word_1_319' title='bbox 314 3351 376 3416; x_wconf 86' lang='lat' dir='ltr'><strong>Sed</strong></span> <span class='ocrx_word' id='word_1_320' title='bbox 397 3354 436 3417; x_wconf 87' lang='lat' dir='ltr'><strong>cf.</strong></span> <span class='ocrx_word' id='word_1_321' title='bbox 460 3371 485 3415; x_wconf 91' lang='lat' dir='ltr'><strong>c.</strong></span> <span class='ocrx_word' id='word_1_322' title='bbox 509 3357 539 3417; x_wconf 83' lang='lat'><strong>7.</strong></span> <span class='ocrx_word' id='word_1_323' title='bbox 583 3352 618 3416; x_wconf 91' lang='lat' dir='ltr'><strong>Si</strong></span> <span class='ocrx_word' id='word_1_324' title='bbox 646 3353 724 3415; x_wconf 90' lang='lat' dir='ltr'><strong>idem</strong></span> <span class='ocrx_word' id='word_1_325' title='bbox 746 3350 827 3433; x_wconf 85' lang='lat' dir='ltr'><strong>qood·</strong></span> <span class='ocrx_word' id='word_1_326' title='bbox 854 3371 945 3433; x_wconf 90' lang='lat' dir='ltr'><strong>supra</strong></span> <span class='ocrx_word' id='word_1_327' title='bbox 970 3352 1019 3429; x_wconf 81' lang='lat' dir='ltr'><strong>fit,</strong></span> <span class='ocrx_word' id='word_1_328' title='bbox 1049 3352 1169 3437; x_wconf 86' lang='lat' dir='ltr'><strong>dempta</strong></span> <span class='ocrx_word' id='word_1_329' title='bbox 1194 3373 1287 3437; x_wconf 89' lang='lat' dir='ltr'><strong>prae·</strong></span> 
     </span>
    </p>
   </div>
   <div class='ocr_carea' id='block_1_7' title="bbox 186 3439 1329 4380">
    <p class='ocr_par' dir='ltr' id='par_1_8' title="bbox 186 3439 1329 4294">
     <span class='ocr_line' id='line_1_36' title="bbox 186 3439 1289 3522; baseline 0.005 -22"><span class='ocrx_word' id='word_1_330' title='bbox 186 3463 188 3468; x_wconf 95' lang='lat'>·</span> <span class='ocrx_word' id='word_1_331' title='bbox 210 3445 298 3503; x_wconf 88' lang='lat' dir='ltr'><strong>terea</strong></span> <span class='ocrx_word' id='word_1_332' title='bbox 316 3440 497 3502; x_wconf 88' lang='lat' dir='ltr'><strong>narrationis</strong></span> <span class='ocrx_word' id='word_1_333' title='bbox 518 3439 679 3514; x_wconf 83' lang='lat' dir='ltr'><strong>uarietate,</strong></span> <span class='ocrx_word' id='word_1_334' title='bbox 708 3439 916 3518; x_wconf 85' lang='lat' dir='ltr'><strong>epigrammati</strong></span> <span class='ocrx_word' id='word_1_335' title='bbox 942 3440 1080 3519; x_wconf 88' lang='lat' dir='ltr'><strong>proxima</strong></span> <span class='ocrx_word' id='word_1_336' title='bbox 1101 3441 1216 3522; x_wconf 89' lang='lat' dir='ltr'><strong>species</strong></span> <span class='ocrx_word' id='word_1_337' title='bbox 1238 3440 1289 3505; x_wconf 83' lang='lat' dir='ltr'><strong>rel</strong></span> 
     </span>
     <span class='ocr_line' id='line_1_37' title="bbox 213 3523 1329 3614; baseline 0.004 -30"><span class='ocrx_word' id='word_1_338' title='bbox 213 3523 290 3587; x_wconf 90' lang='lat' dir='ltr'><strong>adeo</strong></span> <span class='ocrx_word' id='word_1_339' title='bbox 316 3527 412 3608; x_wconf 90' lang='lat' dir='ltr'><strong>ipsum</strong></span> <span class='ocrx_word' id='word_1_340' title='bbox 436 3525 569 3588; x_wconf 85' lang='lat' dir='ltr'><strong>nascitur</strong></span> <span class='ocrx_word' id='word_1_341' title='bbox 595 3525 787 3604; x_wconf 83' lang='lat' dir='ltr'><strong>epigramma.</strong></span> <span class='ocrx_word' id='word_1_342' title='bbox 830 3524 896 3587; x_wconf 91' lang='lat' dir='ltr'><strong>lloc</strong></span> <span class='ocrx_word' id='word_1_343' title='bbox 924 3526 1001 3587; x_wconf 91' lang='lat' dir='ltr'><strong>enim</strong></span> <span class='ocrx_word' id='word_1_344' title='bbox 1023 3543 1118 3604; x_wconf 84' lang='lat' dir='ltr'><strong>genus</strong></span> <span class='ocrx_word' id='word_1_345' title='bbox 1140 3526 1289 3608; x_wconf 83' lang='lat' dir='ltr'><strong>peculiari</strong></span> <span class='ocrx_word' id='word_1_346' title='bbox 1324 3596 1329 3614; x_wconf 27' lang='grc'>1</span> 
     </span>
     <span class='ocr_line' id='line_1_38' title="bbox 213 3608 1288 3694; baseline 0.005 -24"><span class='ocrx_word' id='word_1_347' title='bbox 213 3613 331 3674; x_wconf 89' lang='lat' dir='ltr'><strong>nomine</strong></span> <span class='ocrx_word' id='word_1_348' title='bbox 358 3610 558 3693; x_wconf 90' lang='lat' dir='ltr'><strong>iampridem</strong></span> <span class='ocrx_word' id='word_1_349' title='bbox 587 3628 606 3672; x_wconf 90' lang='lat' dir='ltr'><strong>a</strong></span> <span class='ocrx_word' id='word_1_350' title='bbox 628 3611 753 3689; x_wconf 85' lang='lat' dir='ltr'><strong>reliquis</strong></span> <span class='ocrx_word' id='word_1_351' title='bbox 780 3609 874 3688; x_wconf 84' lang='lat' dir='ltr'><strong>elegis</strong></span> <span class='ocrx_word' id='word_1_352' title='bbox 904 3608 1063 3674; x_wconf 89' lang='lat' dir='ltr'><strong>discretum</strong></span> <span class='ocrx_word' id='word_1_353' title='bbox 1092 3630 1157 3675; x_wconf 89' lang='lat' dir='ltr'><strong>esse</strong></span> <span class='ocrx_word' id='word_1_354' title='bbox 1184 3613 1288 3694; x_wconf 87' lang='lat' dir='ltr'><strong>paullo</strong></span> 
     </span>
     <span class='ocr_line' id='line_1_39' title="bbox 208 3695 1289 3775; baseline 0.003 -18"><span class='ocrx_word' id='word_1_355' title='bbox 208 3708 282 3760; x_wconf 84' lang='lat' dir='ltr'><strong>ante</strong></span> <span class='ocrx_word' id='word_1_356' title='bbox 303 3698 515 3761; x_wconf 80' lang='lat' dir='ltr'><strong>adnotavimus.</strong></span> <span class='ocrx_word' id='word_1_357' title='bbox 558 3697 597 3760; x_wconf 85' lang='grc' dir='ltr'>Αι</span> <span class='ocrx_word' id='word_1_358' title='bbox 620 3714 657 3758; x_wconf 95' lang='lat' dir='ltr'><strong>ne</strong></span> <span class='ocrx_word' id='word_1_359' title='bbox 678 3697 764 3758; x_wconf 91' lang='lat' dir='ltr'><strong>huius</strong></span> <span class='ocrx_word' id='word_1_360' title='bbox 787 3695 903 3775; x_wconf 84' lang='lat' dir='ltr'><strong>quidem</strong></span> <span class='ocrx_word' id='word_1_361' title='bbox 925 3697 1000 3759; x_wconf 88' lang='lat' dir='ltr'><strong>certi</strong></span> <span class='ocrx_word' id='word_1_362' title='bbox 1020 3705 1088 3760; x_wconf 88' lang='lat' dir='ltr'><strong>sunt</strong></span> <span class='ocrx_word' id='word_1_363' title='bbox 1107 3697 1198 3773; x_wconf 86' lang='lat' dir='ltr'><strong>lines,</strong></span> <span class='ocrx_word' id='word_1_364' title='bbox 1222 3715 1289 3762; x_wconf 88' lang='lat' dir='ltr'><strong>com</strong></span> 
     </span>
     <span class='ocr_line' id='line_1_40' title="bbox 212 3781 1288 3864; baseline 0.003 -20"><span class='ocrx_word' id='word_1_365' title='bbox 212 3781 318 3862; x_wconf 82' lang='lat' dir='ltr'><strong>hrepia</strong></span> <span class='ocrx_word' id='word_1_366' title='bbox 346 3785 445 3847; x_wconf 87' lang='lat' dir='ltr'><strong>omnia</strong></span> <span class='ocrx_word' id='word_1_367' title='bbox 470 3783 619 3864; x_wconf 78' lang='lat' dir='ltr'><strong>pcemmm</strong></span> <span class='ocrx_word' id='word_1_368' title='bbox 647 3781 888 3862; x_wconf 84' lang='lat' dir='ltr'><strong>inscriptionibus</strong></span> <span class='ocrx_word' id='word_1_369' title='bbox 916 3783 1092 3862; x_wconf 90' lang='lat' dir='ltr'><strong>praesertim</strong></span> <span class='ocrx_word' id='word_1_370' title='bbox 1118 3782 1228 3846; x_wconf 89' lang='lat' dir='ltr'><strong>idonea</strong></span> <span class='ocrx_word' id='word_1_371' title='bbox 1251 3801 1288 3847; x_wconf 90' lang='lat' dir='ltr'><strong>eo</strong></span> 
     </span>
     <span class='ocr_line' id='line_1_41' title="bbox 213 3867 1289 3951; baseline 0.002 -21"><span class='ocrx_word' id='word_1_372' title='bbox 213 3872 331 3932; x_wconf 90' lang='lat' dir='ltr'><strong>numine</strong></span> <span class='ocrx_word' id='word_1_373' title='bbox 355 3868 649 3950; x_wconf 81' lang='lat' dir='ltr'><strong>comprehendantur.</strong></span> <span class='ocrx_word' id='word_1_374' title='bbox 693 3868 758 3931; x_wconf 88' lang='lat' dir='ltr'><strong>lluc</strong></span> <span class='ocrx_word' id='word_1_375' title='bbox 786 3867 967 3950; x_wconf 85' lang='lat' dir='ltr'><strong>epitaphium</strong></span> <span class='ocrx_word' id='word_1_376' title='bbox 991 3868 1085 3943; x_wconf 92' lang='lat' dir='ltr'><strong>illud,</strong></span> <span class='ocrx_word' id='word_1_377' title='bbox 1113 3868 1193 3951; x_wconf 87' lang='lat' dir='ltr'><strong>quod</strong></span> <span class='ocrx_word' id='word_1_378' title='bbox 1221 3869 1289 3932; x_wconf 86' lang='lat' dir='ltr'><strong>lere</strong></span> 
     </span>
     <span class='ocr_line' id='line_1_42' title="bbox 214 3949 1288 4037; baseline 0.002 -21"><span class='ocrx_word' id='word_1_379' title='bbox 214 3949 344 4031; x_wconf 80' lang='lat' dir='ltr'><strong>dixeris,</strong></span> <span class='ocrx_word' id='word_1_380' title='bbox 371 3955 451 4018; x_wconf 81' lang='lat' dir='ltr'><strong>Galli</strong></span> <span class='ocrx_word' id='word_1_381' title='bbox 477 3956 607 4037; x_wconf 89' lang='lat' dir='ltr'><strong>pertinet</strong></span> <span class='ocrx_word' id='word_1_382' title='bbox 631 3953 679 4016; x_wconf 92' lang='grc' dir='ltr'><strong>ΕΙ.</strong></span> <span class='ocrx_word' id='word_1_383' title='bbox 700 3953 730 4029; x_wconf 91' lang='grc' dir='ltr'><strong>Ι,</strong></span> <span class='ocrx_word' id='word_1_384' title='bbox 752 3957 821 4030; x_wconf 90' lang='grc' dir='ltr'><strong>2Ι.,</strong></span> <span class='ocrx_word' id='word_1_385' title='bbox 848 3952 927 4035; x_wconf 82' lang='lat' dir='ltr'><strong>quud</strong></span> <span class='ocrx_word' id='word_1_386' title='bbox 951 3954 1090 4016; x_wconf 89' lang='lat' dir='ltr'><strong>Heinsius</strong></span> <span class='ocrx_word' id='word_1_387' title='bbox 1118 3955 1227 4032; x_wconf 82' lang='lat' dir='ltr'><strong>(Adur.</strong></span> <span class='ocrx_word' id='word_1_388' title='bbox 1248 3955 1288 4018; x_wconf 90' lang='lat'><strong>11.</strong></span> 
     </span>
     <span class='ocr_line' id='line_1_43' title="bbox 212 4039 1290 4121; baseline 0 -19"><span class='ocrx_word' id='word_1_389' title='bbox 212 4056 239 4104; x_wconf 94' lang='lat' dir='ltr'><strong>c.</strong></span> <span class='ocrx_word' id='word_1_390' title='bbox 259 4045 309 4106; x_wconf 87' lang='grc'><strong>15.</strong></span> <span class='ocrx_word' id='word_1_391' title='bbox 332 4059 356 4104; x_wconf 87' lang='lat' dir='ltr'><strong>s.</strong></span> <span class='ocrx_word' id='word_1_392' title='bbox 380 4041 428 4102; x_wconf 86' lang='lat' dir='ltr'><strong>lin.</strong></span> <span class='ocrx_word' id='word_1_393' title='bbox 449 4057 479 4121; x_wconf 89' lang='lat' dir='ltr'><strong>p.</strong></span> <span class='ocrx_word' id='word_1_394' title='bbox 501 4039 589 4116; x_wconf 86' lang='grc'><strong>335.)</strong></span> <span class='ocrx_word' id='word_1_395' title='bbox 612 4039 677 4102; x_wconf 88' lang='lat' dir='ltr'><strong>sine</strong></span> <span class='ocrx_word' id='word_1_396' title='bbox 699 4039 810 4102; x_wconf 91' lang='lat' dir='ltr'><strong>idonea</strong></span> <span class='ocrx_word' id='word_1_397' title='bbox 828 4054 921 4100; x_wconf 83' lang='lat' dir='ltr'><strong>cauca</strong></span> <span class='ocrx_word' id='word_1_398' title='bbox 941 4049 1055 4120; x_wconf 91' lang='lat' dir='ltr'><strong>partem</strong></span> <span class='ocrx_word' id='word_1_399' title='bbox 1077 4041 1197 4103; x_wconf 87' lang='lat' dir='ltr'><strong>maioris</strong></span> <span class='ocrx_word' id='word_1_400' title='bbox 1221 4057 1290 4103; x_wconf 80' lang='lat' dir='ltr'><strong>car-</strong></span> 
     </span>
     <span class='ocr_line' id='line_1_44' title="bbox 213 4124 1289 4210; baseline 0.001 -22"><span class='ocrx_word' id='word_1_401' title='bbox 213 4128 298 4189; x_wconf 80' lang='lat' dir='ltr'><strong>nidis</strong></span> <span class='ocrx_word' id='word_1_402' title='bbox 320 4128 412 4210; x_wconf 83' lang='lat' dir='ltr'><strong>tuisse</strong></span> <span class='ocrx_word' id='word_1_403' title='bbox 435 4136 552 4201; x_wconf 90' lang='lat' dir='ltr'><strong>censet,</strong></span> <span class='ocrx_word' id='word_1_404' title='bbox 574 4133 604 4188; x_wconf 88' lang='lat' dir='ltr'><strong>et</strong></span> <span class='ocrx_word' id='word_1_405' title='bbox 624 4124 719 4202; x_wconf 78' lang='lat' dir='ltr'><strong>llll,</strong></span> <span class='ocrx_word' id='word_1_406' title='bbox 739 4130 808 4200; x_wconf 80' lang='grc'><strong>22,</strong></span> <span class='ocrx_word' id='word_1_407' title='bbox 829 4125 960 4205; x_wconf 81' lang='lat' dir='ltr'><strong>quamvis</strong></span> <span class='ocrx_word' id='word_1_408' title='bbox 983 4133 1013 4188; x_wconf 92' lang='lat' dir='ltr'><strong>et</strong></span> <span class='ocrx_word' id='word_1_409' title='bbox 1029 4127 1100 4192; x_wconf 87' lang='lat' dir='ltr'><strong>huic</strong></span> <span class='ocrx_word' id='word_1_410' title='bbox 1122 4126 1289 4206; x_wconf 87' lang='lat' dir='ltr'><strong>elegiacum</strong></span> 
     </span>
     <span class='ocr_line' id='line_1_45' title="bbox 211 4210 948 4294; baseline -0.007 -17"><span class='ocrx_word' id='word_1_411' title='bbox 211 4213 363 4294; x_wconf 81' lang='lat' dir='ltr'><strong>quoddam</strong></span> <span class='ocrx_word' id='word_1_412' title='bbox 383 4211 515 4276; x_wconf 87' lang='lat' dir='ltr'><strong>additum</strong></span> <span class='ocrx_word' id='word_1_413' title='bbox 536 4211 575 4274; x_wconf 90' lang='lat' dir='ltr'><strong>sit</strong></span> <span class='ocrx_word' id='word_1_414' title='bbox 595 4210 770 4274; x_wconf 82' lang='lat' dir='ltr'><strong>fermentum</strong></span> <span class='ocrx_word' id='word_1_415' title='bbox 792 4227 819 4274; x_wconf 88' lang='lat' dir='ltr'><strong>r.</strong></span> <span class='ocrx_word' id='word_1_416' title='bbox 840 4212 948 4274; x_wconf 82' lang='lat'><strong>4-8.</strong></span> 
     </span>
    </p>

    <p class='ocr_par' dir='ltr' id='par_1_9' title="bbox 312 4295 1290 4380">
     <span class='ocr_line' id='line_1_46' title="bbox 312 4295 1290 4380; baseline -0.004 -16"><span class='ocrx_word' id='word_1_417' title='bbox 312 4301 367 4370; x_wconf 83' lang='lat' dir='ltr'><strong>Sip</strong></span> <span class='ocrx_word' id='word_1_418' title='bbox 387 4308 479 4380; x_wconf 87' lang='lat' dir='ltr'><strong>poeta</strong></span> <span class='ocrx_word' id='word_1_419' title='bbox 500 4298 601 4362; x_wconf 87' lang='lat' dir='ltr'><strong>taedio</strong></span> <span class='ocrx_word' id='word_1_420' title='bbox 620 4298 724 4380; x_wconf 80' lang='lat' dir='ltr'><strong>¹potius</strong></span> <span class='ocrx_word' id='word_1_421' title='bbox 749 4296 916 4378; x_wconf 82' lang='lat' dir='ltr'><strong>praesentis</strong></span> <span class='ocrx_word' id='word_1_422' title='bbox 942 4295 1053 4360; x_wconf 87' lang='lat' dir='ltr'><strong>aetatis</strong></span> <span class='ocrx_word' id='word_1_423' title='bbox 1069 4316 1070 4325; x_wconf 54' lang='lat'>¹</span> <span class='ocrx_word' id='word_1_424' title='bbox 1085 4313 1172 4378; x_wconf 79' lang='lat' dir='ltr'><strong>quam</strong></span> <span class='ocrx_word' id='word_1_425' title='bbox 1204 4295 1290 4364; x_wconf 89' lang='lat' dir='ltr'><strong>mclll</strong></span> 
     </span>
    </p>
   </div>
   <div class='ocr_carea' id='block_1_8' title="bbox 0 0 1422 4972">
    <p class='ocr_par' dir='ltr' id='par_1_10' title="bbox 0 0 1422 4972">
     <span class='ocr_line' id='line_1_47' title="bbox 0 0 1422 4972; baseline 0 0"><span class='ocrx_word' id='word_1_426' title='bbox 0 0 1422 4972; x_wconf 95' lang='lat' dir='ltr'><strong> </strong></span> 
     </span>
    </p>
   </div>
  </div>
 </body>
</html>
