2806 4974
451 349 541 420 caput
558 349 605 406 vt.
640 349 683 406 De
694 347 861 406 ,elooulione
1119 327 1194 410 175

110 529 194 592 *baeu
225 525 319 608 igitur
349 540 464 605 genera
497 520 596 585 omnia
624 520 778 584 rarissime
807 519 1011 596 inveniuntur,
1042 537 1097 585 neo
1127 521 1194 586 lere

121 633 257 696 nuquam,
278 613 335 675 nisi
356 614 388 673 in
409 609 704 692 pronominibus
730 607 900 670 adieetivis:
923 609 1095 690 ceteroquin
1117 610 1194 681 enim

121 719 157 764 ne
178 701 235 763 hoe
257 699 391 782 quidem,
415 695 494 778 qood
515 705 612 758 tamen
635 694 696 756 illis
718 694 797 757 vitiis
820 702 922 757 earet:

256 859 290 873 -
325 835 400 883 toto
419 828 497 896 saror
514 827 554 878 bie
572 841 625 878 ooo
641 823 727 889 deserit
744 840 845 879 oooo.

119 971 159 1033 Ut
181 977 278 1031 alutem
302 978 456 1046 utrumque
477 962 688 1026 substantivum
710 969 887 1042 seponeret,
908 975 962 1024 suo
983 961 1089 1045 eoique
1109 964 1195 1028 attri-

119 1057 190 1119 buto
214 1057 388 1131 subinduto,
409 1052 507 1134 qualis
528 1051 577 1112 bie
601 1058 646 1112 est
665 1046 780 1110 Tibulli
800 1066 920 1111 versus:

546 1182 742 1246 tunicisque
758 1181 892 1232 soleatis

259 1254 346 1307 Volo
362 1267 474 1305 nonem
494 1252 599 1304 Triuiae
618 1257 717 1302 ooete
735 1251 863 1302 silente
880 1249 939 1302 dedi
953 1275 990 1290 -·

118 1408 268 1470 nunquam
296 1387 414 1450 memini
439 1386 629 1468 Propertium
658 1386 849 1450 commisisse.
893 1387 981 1465 Quod
1002 1406 1074 1454 vero
1097 1409 1194 1474 aequo

117 1478 212 1540 veluti
239 1475 373 1556 pondere
408 1493 465 1555 per
492 1492 629 1537 versuum
661 1482 763 1560 partes
797 1472 975 1536 distribuere
1006 1478 1098 1538 verba
1129 1497 1194 1542 eom

118 1561 262 1637 diximus,
285 1563 342 1624 boe
360 1559 437 1623 adeo
455 1561 546 1634 valet,
566 1569 597 1623 nt
619 1562 714 1622 exitus
737 1577 872 1622 versuum
893 1562 1091 1638 substantivis,
1114 1583 1194 1626 πεν-

117 1647 320 1732 θημιμερεῖς
341 1647 490 1712 attributis
512 1663 630 1722 eornm,
652 1647 812 1710 autetiam
834 1648 952 1710 inverso
975 1647 1098 1725 ordine,
1120 1659 1196 1712 tam-

118 1754 209 1817 qoam
241 1745 338 1796 certas
373 1733 459 1796 sedes
491 1734 706 1812 assignaverit,
741 1750 796 1795 nee
824 1732 911 1796 modo
940 1734 972 1796 in
1001 1745 1195 1816 pentametro,

122 1823 177 1884 sed
208 1821 296 1882 etiam
328 1821 358 1882 in
390 1821 485 1882 beron
515 1851 556 1862 ·-
587 1837 763 1900 quorumquam
795 1818 826 1880 in
856 1819 909 1883 illo
940 1821 1058 1901 saepius
1095 1825 1194 1886 etiam.

117 1909 195 1973 Nam
218 1908 297 1970 iuter
322 1905 477 1969 universos
505 1906 692 1968 hexametros
713 1907 792 1980 686,
818 1905 839 1966 i.
863 1924 889 1969 e.
912 1907 1001 1969 tertia
1026 1907 1196 1990 irrepens,

119 2012 157 2058 eo
194 1992 283 2056 modo
314 1993 427 2055 conditi
456 1993 659 2068 inveniuntur,
690 1993 866 2072 pentametri
898 2001 995 2056 autem
1027 1994 1059 2056 in
1089 1995 1195 2060 eodem
1239 2057 1251 2076 ,
1351 2013 1354 2021 “

119 2097 244 2146 numero
274 2082 355 2154 925,
384 2078 403 2140 i.
433 2096 459 2143 e.
489 2081 586 2142 altera
618 2096 715 2159 paene
745 2095 826 2159 pars.
880 2078 957 2141 ilino
992 2078 1086 2160 igitur
1118 2081 1196 2146 illud

118 2157 376 2246 ὁμοιοτέλευτον
403 2175 501 2228 natum
531 2183 598 2228 esse
625 2173 723 2247 patet,
752 2180 811 2246 quo
840 2182 938 2244 aequa
965 2166 1039 2228 baee
1066 2169 1195 2248 partium

118 2252 292 2316 distributio
321 2251 417 2330 magis
445 2253 534 2314 etiam
565 2271 652 2332 qnam
680 2250 746 2313 solo
774 2257 868 2314 metro
896 2268 986 2315 aures
1014 2252 1136 2328 feriret,
1164 2263 1195 2320 et

120 2357 212 2404 voees
241 2339 436 2402 sententia
458 2339 632 2401 eoniuoetae
654 2338 723 2419 pari
745 2352 863 2418 qnoque
891 2339 1024 2400 sonitu
1051 2340 1195 2421 quodam·

8 2505 9 2508 Ἴ
119 2425 210 2490 modo
245 2425 302 2486 sibi
339 2423 557 2505 responderent
592 2433 621 2487 et
659 2425 783 2487 invicem
816 2440 849 2485 se
882 2435 1068 2505 quaererent.
1129 2427 1194 2491 Hoe

120 2514 212 2576 etiam
234 2511 411 2573 recentioris
439 2512 540 2591 poesis
561 2511 679 2574 intento
708 2508 853 2588 originem
875 2510 972 2586 dedit,
1000 2529 1058 2591 qno
1080 2514 1196 2594 pariter

119 2599 290 2662 desinentes
311 2598 341 2658 in
362 2595 421 2658 ine
439 2613 529 2660 voees
551 2597 610 2658 iam
631 2597 725 2660 veluti
746 2598 947 2659 neeessariam
967 2615 1102 2661 versuum
1123 2616 1195 2686 eon-

121 2685 282 2748 dimeutum
304 2693 498 2765 quaeruntur.
540 2683 648 2764 Aqno
671 2699 789 2762 genere¹
810 2699 868 2744 non
889 2683 933 2745 ita
954 2686 1060 2765 proenl
1089 2685 1196 2750 abesse

121 2771 311 2853 Propertium
340 2769 477 2850 pluribus
504 2770 669 2831 rationibus
698 2768 846 2847 intelligo.
888 2768 1051 2832 Nemeum
1075 2760 1196 2850 ὁμοιό-

123 2875 257 2920 πτωτον
278 2873 369 2936 saepe
390 2857 421 2917 in
441 2844 695 2934 ὁμοιοτέλευτον
717 2855 808 2930 abiit,
834 2862 866 2916 ut
886 2873 946 2918 nou
967 2856 1055 2918 modo
1076 2863 1197 2937 passum

123 2961 190 3006 esse
210 2942 288 3004 illud
309 2951 438 3024 poetam,
459 2940 513 3004 sed
536 2939 573 3002 de
597 2939 744 3003 industria
766 2942 924 3021 expetiisse
946 2943 1017 3004 satis
1040 2937 1198 3026 appareat,

121 3039 183 3094 tum
204 3046 277 3093 vero
301 3031 404 3104 edom,
432 3046 469 3092 ne
492 3029 606 3090 sonitus
633 3028 694 3090 illis
714 3026 906 3110 perderetur,
932 3027 1143 3094 insolentiores
1166 3040 1197 3096 et

121 3115 276 3179 obsoletas
297 3116 454 3180 verborum
478 3114 590 3176 lormos
617 3097 674 3195 pio
702 3113 819 3177 usitatis
848 3123 878 3177 et
904 3115 937 3176 in
964 3114 1062 3176 medio
1090 3116 1197 3199 positis

119 3200 289 3266 arcessivit.
332 3202 436 3282 Neque
458 3202 534 3264 enim
563 3200 593 3276 1,
616 3205 674 3276 20,
696 3201 760 3275 35,
790 3200 869 3281 qnod
898 3202 929 3262 in
956 3210 1093 3282 promptu
1121 3213 1197 3279 erat,

122 3289 261 3371 seripsit:
286 3287 406 3364 „Quam
427 3306 519 3368 supra
542 3285 642 3361 nulli
663 3286 833 3368 pendebant
856 3286 957 3350 debita
978 3289 1122 3352 eurae“
1143 3289 1199 3353 sed

121 3375 276 3450 nnllam
298 3374 426 3455 itemque
445 3373 491 3436 ΕΙ.
513 3375 537 3448 Ι,
559 3376 590 3448 4,
613 3376 644 3438 6.
668 3389 728 3435 non
749 3373 893 3436 Graecum
916 3375 1076 3454 genitivum
1099 3374 1197 3438 ller-

121 3463 287 3534 miones,
310 3477 368 3540 quo
390 3468 487 3522 tamen
508 3459 582 3522 alibi
601 3468 774 3523 constanter
793 3460 900 3534 utitur,
922 3458 975 3522 sed
997 3470 1121 3543 propter
1142 3457 1199 3524 ad-

120 3548 225 3611 ieetiri
250 3547 470 3626 Spartanae
498 3539 668 3609 concentum
690 3546 828 3608 Latinam
847 3547 1023 3628 positionem
1046 3548 1199 3627 praetulit.

122 3635 181 3698 Gui
211 3630 321 3695 deiude
348 3633 435 3696 ab.
465 3632 553 3694 etium
583 3649 690 3695 nomen
719 3632 910 3712 Antiopae
943 3633 1197 3698 accommodatum
1262 3660 1270 3678 κ

122 3730 170 3800 est
189 3717 243 3798 (el.
258 3735 349 3799 supra
363 3717 442 3780 Seet.
454 3716 534 3794 ΙΙΙ.).
575 3718 652 3782 ilino
667 3726 802 3781 assuetas
819 3720 911 3782 semel
931 3720 960 3780 ei
979 3721 1086 3799 generi
1106 3739 1197 3784 aures

121 3825 162 3870 ne
191 3807 317 3868 aliarum
343 3803 461 3885 quidem
483 3821 587 3868 vonum
609 3805 832 3867 consonantiam
859 3807 1013 3886 expavisse
1041 3815 1199 3870 consenta-

122 3910 212 3956 neum
235 3900 294 3966 est,
323 3909 420 3972 neque
440 3891 479 3964 ii,
503 3891 554 3972 qui
575 3909 680 3954 versus
702 3888 855 3965 leoninos,
877 3890 993 3971 qualem
1016 3891 1045 3966 Ι,
1068 3897 1105 3968 8,
1129 3898 1197 3958 ll:

122 3980 190 4045 Neo
219 3978 275 4040 tibi
297 3976 499 4058 Tyrrhena
527 3975 661 4040 solvatur
688 3977 768 4039 inuis
798 3994 981 4040 arena-
1007 3989 1097 4060 atque
1120 3979 1198 4051 adeo

123 4066 156 4143 Ι,
181 4067 238 4141 17,
258 4064 307 4128 b.:
330 4064 407 4140 Quin
431 4064 520 4127 etiam
543 4063 697 4127 absenti
719 4073 844 4145 prosunt
868 4064 923 4126 tibi
946 4063 1073 4143 Cynthia
1093 4066 1198 4129 venti

126 4151 182 4230 (ol.
213 4150 245 4226 Ι,
273 4153 330 4224 26,
360 4154 389 4213 3.
424 4151 470 4226 ΙΙ,
499 4152 557 4226 24,
588 4153 640 4212 21.
679 4153 737 4226 33,
764 4153 818 4212 43.
852 4149 914 4235 ΙΙΙ,
945 4155 1001 4226 13,
1033 4152 1099 4231 13.)
1136 4152 1200 4214 ler-

123 4246 208 4314 reot,
230 4235 357 4299 aliorum
377 4237 578 4323 integritatem
596 4234 746 4301 debebant
765 4246 931 4318 suspectam
950 4237 1072 4318 babere,
1095 4237 1200 4320 quales

122 4324 170 4402 II,
191 4326 251 4403 26,
273 4327 341 4388 ab:
