2848 4972
215 371 277 434 106
486 365 700 435 recreatu
720 369 784 435 ut.
802 369 864 450 ΙΙΙ,
887 369 938 440 11.
962 371 1012 441 12.

254 538 353 606 Nunc
373 537 428 606 ubi
449 536 630 624 Scipiadae
652 537 781 606 classes
789 536 812 605 ‘t'
830 541 886 607 ubi
908 545 1007 630 signa
1028 543 1181 615 camillis

296 646 365 712 Aut
385 642 479 710 mcdc
502 642 659 729 Pompeia
679 644 830 730 Buspcre
852 655 951 732 capta
972 643 1096 716 manu?

254 747 446 816 Leucadius
464 764 585 813 versas
608 749 701 812 acies
723 750 917 816 memorabit
939 751 1069 837 Apollo.

162 869 164 874 ‘
210 867 237 912 u
297 851 437 916 Tantum
460 850 569 934 operis
591 848 668 915 belli
691 849 826 916 sustulit
847 869 913 916 una
935 851 1018 919 dies
1135 931 1144 943 .

255 956 303 1024 At
324 961 376 1034 tu,
399 953 474 1018 sive
495 957 590 1037 petes
612 957 726 1036 pertus
747 939 827 1035 seu,
850 955 984 1039 navita,
1006 955 1148 1045 linques,

296 1053 456 1123 Caesaris
478 1053 513 1120 in
533 1057 604 1120 tctc
624 1051 674 1120 sis
694 1069 820 1122 memor
841 1051 946 1124 lenia.

709 1248 786 1322 XII.

257 1344 454 1475 Pastume,
476 1389 657 1478 plorantem
680 1392 817 1476 potuisti
839 1391 988 1476 linquere
1008 1389 1147 1476 Gallam,

295 1495 394 1564 Miles
416 1499 451 1559 et
471 1493 619 1581 Augusti
640 1491 741 1557 fortia
763 1493 863 1580 signa
885 1490 1009 1578 sequi?

253 1601 395 1668 Tantine
417 1597 483 1664 ulla
504 1597 565 1662 ruit
586 1595 719 1685 spoliati
740 1596 849 1683 gloria
866 1595 1001 1678 Parthi,r

163 1779 168 1788 ,
294 1709 348 1773 Ne
368 1705 517 1785 laceres,
539 1699 637 1771 Galla
657 1687 760 1778 multa
780 1710 922 1794 rogante
944 1702 1027 1771 tuat

222 1810 293 1882 ssi
314 1811 370 1876 fas
392 1814 463 1890 est,
486 1823 600 1875 omues
622 1809 747 1894 pariter
766 1809 913 1893 pereatis
935 1811 1042 1892 avari,
1100 1877 1102 1880 .

294 1911 343 1980 Et
365 1910 515 1996 quisquis
536 1907 600 1974 fidu
624 1909 779 1992 praetulit
801 1927 893 1979 arma
915 1915 1001 1977 tom!
1063 1988 1066 1996 Ι

249 2018 301 2085 Tu
322 2022 433 2084 tamen
454 2012 577 2082 iniecta
598 2018 725 2095 tectus,
744 2029 891 2095 vesane,
912 2013 1047 2080 lacerna

293 2116 430 2184 Putabis
451 2113 552 2208 galea
573 2113 687 2181 fessus
708 2113 835 2200 Araxis
857 2131 987 2200 aquam.

251 2219 314 2288 llla
336 2218 467 2307 quidem
489 2219 619 2286 interea
638 2216 728 2282 fama
752 2217 905 2283 tabescet
926 2218 1026 2300 inani,

205 2335 233 2382 1·
292 2322 390 2391 llaec
411 2328 468 2388 tua
489 2338 532 2386 ne
552 2321 659 2389 virtus
681 2318 740 2390 dat
760 2336 875 2410 amara
896 2321 967 2404 tibi,

251 2427 350 2494 Neve
370 2429 429 2490 tua
448 2421 571 2492 Medae
590 2421 756 2492 laetentur
777 2422 881 2488 caede
903 2425 1062 2512 sagittae,

291 2531 437 2597 Ferreus
458 2532 572 2593 aurato
594 2544 658 2592 neu
678 2524 912 2611 cataphractus
934 2545 1030 2613 equo,

250 2635 350 2702 Neve
371 2628 495 2720 aliquid
519 2629 561 2694 de
582 2635 617 2695 te
638 2628 781 2699 flendum
804 2630 967 2699 referatur
988 2632 1023 2696 in
1045 2646 1138 2700 urna.

291 2736 351 2806 Sic
371 2733 532 2818 redeunt,
552 2733 618 2806 illis
641 2733 694 2819 qui
717 2733 870 2806 cecidere
890 2735 986 2816 locis.

204 2857 230 2903 ιο
247 2844 314 2912 'l'er
337 2849 455 2929 quater
475 2840 510 2903 in
532 2844 628 2906 casta
649 2837 732 2908 lelix
751 2857 772 2905 c
794 2839 951 2910 Postume
964 2837 1082 2925 Galla,

290 2920 439 3015 llcribus
461 2940 515 3010 his
538 2941 606 3009 alia
628 2943 768 3037 coniuge
791 2941 914 3030 dignus
934 2947 1027 3011 eras!

247 3049 333 3137 Quid
354 3049 457 3114 faciet
478 3044 565 3114 nullo
586 3041 709 3112 munita
731 3046 840 3130 puella
861 3035 987 3129 timore,

291 3154 378 3221 Cum
394 3153 441 3218 sit
459 3149 611 3215 luxuriae
629 3135 736 3215 Roma
757 3151 921 3240 magistra
941 3143 1047 3219 tuae?

148 3331 149 3334 ,
246 3255 317 3326 Sed
338 3270 479 3321 securus
502 3266 578 3318 eas:
601 3247 731 3316 Gallam
752 3269 817 3318 non
834 3267 970 3319 munera
989 3253 1134 3336 vincent,

277 3489 321 3541 68.
344 3484 381 3538 ut
403 3481 472 3552 Hic,
496 3481 552 3542 aut
575 3483 619 3538 ubi
641 3487 678 3545 R.
696 3501 723 3542 a.
748 3486 828 3540 modo
849 3487 888 3538 Η.
911 3488 940 3539 l'.
959 3488 999 3542 M.
1025 3485 1158 3553 bosphure
1177 3491 1209 3545 G.
1228 3494 1277 3560 aa,

201 3569 381 3640 bosphoralt.
401 3584 480 3621 manu
492 3585 517 3622 r.
569 3573 612 3621 69.
630 3569 863 3636 Lauchadiusllh.
881 3573 1046 3626 memorabat
1061 3575 1093 3626 G.
1148 3578 1192 3629 tc.
1212 3578 1277 3629 aub-

95 3687 97 3702 ν
138 3713 140 3716 ,
200 3657 275 3714 ntulit
296 3659 328 3709 (t.
397 3661 440 3710 71.
460 3653 520 3724 scu]
538 3652 594 3708 aive
612 3656 652 3714 Ν.
670 3655 792 3724 linquens
810 3673 835 3711 r.
879 3674 883 3683 ·

269 3758 340 3824 xit,
358 3762 384 3813 2.
401 3757 490 3810 Milies
509 3773 534 3814 r.
601 3764 627 3811 3.
645 3759 692 3811 illa
707 3765 745 3812 Η.
812 3762 839 3818 4.
856 3761 944 3814 lacere
960 3777 1003 3828 pu.
1016 3777 1050 3814 m.
1061 3759 1126 3828 Hm,
1145 3760 1228 3814 iacias
1241 3765 1274 3815 11.

199 3847 225 3900 e.
245 3845 291 3894 ‘est
315 3843 415 3900 uuest.
503 3847 530 3898 6.
555 3841 631 3896 Etsi
651 3844 761 3912 quial).
848 3852 873 3903 7.
892 3847 991 3899 intecta
1008 3847 1045 3903 N.
1066 3848 1154 3901 ΚΜ.
1173 3849 1224 3914 D.‚
1247 3849 1276 3900 in

126 3943 128 3952 ¹
197 3925 399 3993 tamarica,
419 3925 522 3980 interea
542 3930 630 3984 (1.11.
649 3944 674 3980 r.
700 3944 833 3983 vaserat.
904 3934 931 3986 8.
950 3933 1037 3994 gallea
1056 3928 1109 3986 Hd.
1138 3931 1223 3986 araris
1241 3932 1275 3986 D.

196 4019 223 4068 9.
243 4012 270 4064 in
289 4010 333 4063 ani
349 4007 404 4063 Hb.
485 4017 527 4066 10.
547 4012 607 4068 Nec
626 4029 669 4082 pr.
685 4030 719 4070 m.
738 4014 793 4068 Ht.
820 4020 867 4068 tua
884 4012 930 4082 aa]
948 4015 1049 4067 utinam
1071 4016 1102 4067 V.
1126 4015 1175 4068 fier
1193 4031 1218 4068 r.
1237 4033 1275 4083 ea,

196 4096 245 4168 uit
263 4112 326 4182 (stc)
345 4114 397 4182 D.,
416 4112 466 4167 fiat
482 4114 522 4170 M.
595 4120 637 4166 12.
656 4118 742 4170 atrato
764 4120 794 4170 V.
822 4135 856 4172 ne
877 4119 916 4174 Μ.
940 4116 1110 4184 catcplrratus
1128 4121 1181 4186 Ν.,
1202 4125 1274 4171 csta-

198 4201 307 4271 plaratus
322 4199 366 4266 6.,
385 4201 573 4269 cantcphratus
587 4201 652 4272 Ha,
671 4210 731 4257 cata
750 4205 874 4274 piractus
888 4219 913 4261 r.
967 4208 1009 4257 13.
1029 4203 1089 4258 Neu
1104 4220 1129 4259 r.
1186 4209 1227 4261 lit.
1246 4205 1276 4257 Si

198 4289 309 4340 credunt
327 4287 381 4354 N.‚
409 4286 439 4339 Si
467 4289 576 4342 credent
601 4305 644 4358 pr.
662 4307 697 4349 m.
714 4288 767 4349 Bt.
786 4306 811 4348 r.
841 4307 910 4361 quae
929 4289 968 4352 Μ.
1057 4293 1100 4348 11.
1118 4291 1220 4348 numits
1236 4291 1274 4347 Μ.
1335 4351 1337 4358 ,
1410 4277 1411 4324 3

200 4376 242 4430 18.
263 4388 328 4430 uuas
346 4371 378 4430 P.
395 4371 472 4428 Pera
