2822 4976
246 432 289 498 {a
564 427 777 496 iuuenum
796 428 859 496 El»
880 428 926 508 11,
952 426 1000 498 l5.

295 596 380 682 Quin
402 597 519 678 elium,
539 595 571 660 si
590 611 643 661 me
664 592 801 660 ulterius
820 594 1012 679 provexerit
1032 595 1094 681 ira,

251 717 278 762 uu
338 696 508 769 Ostendes
529 699 626 764 matri
646 695 784 764 brachia
804 696 902 762 laesa
924 703 1013 763 tuae.

223 843 225 848 ·
247 801 253 820 '
293 804 443 872 Necdum
464 801 642 869 inclinatae
664 799 838 887 prohibent
858 806 894 866 te
914 799 1031 867 ludere
1052 809 1226 872 mammae:

337 905 466 975 Viderit
487 904 589 987 haec,
611 905 642 970 si
665 921 763 989 quarn
787 904 852 968 iarn
873 905 1049 988 peperisse
1070 905 1181 992 pudet.

293 1012 382 1078 Dum
402 1028 464 1076 nus
486 1009 557 1074 ints
580 1009 709 1088 sinunt,
732 1005 844 1072 oculus
866 1007 1029 1072 satiemus
1051 1025 1179 1076 amore:

336 1117 413 1182 Nux
435 1114 494 1178 tibi
515 1113 617 1199 lunga
637 1110 748 1190 venit,
768 1126 833 1175 uec
854 1107 1001 1175 reditura
1023 1109 1106 1178 dies.

250 1232 277 1276 u
294 1220 406 1304 Atque
427 1218 551 1282 utinam
572 1213 751 1278 haerentes
774 1215 826 1278 sie
846 1230 908 1277 nus
930 1216 1058 1280 vincire
1080 1221 1200 1283 catena

338 1321 452 1387 velles
459 1367 470 1400 ,
493 1325 528 1385 ut
548 1334 721 1401 numquam
744 1316 891 1381 solveret
911 1317 977 1382 ulla
999 1316 1089 1383 dies!

294 1422 457 1505 Exempla
477 1407 609 1487 iunctae
632 1421 691 1487 ubi
714 1419 781 1485 sint
802 1421 837 1484 in
858 1436 969 1485 amore
991 1421 1172 1504 culumbae,

334 1524 506 1595 Masculus
529 1529 563 1588 et
583 1528 684 1588 lutum
704 1521 828 1587 femina
849 1524 1045 1611 coniugium.

294 1626 416 1711 Errat,
438 1629 493 1713 qui
514 1626 610 1691 linem
631 1626 751 1691 vesani
773 1627 903 1710 quaerit
922 1630 1058 1692 amoris:

249 1747 276 1792 ιι
336 1734 446 1800 Verus
466 1721 556 1796 amur
578 1731 699 1795 nullum
720 1731 815 1796 novit
835 1728 960 1796 habere
982 1730 1120 1798 modum.

293 1836 399 1903 Terre
420 1836 512 1918 prius
533 1831 620 1898 falsu
643 1838 739 1917 partu
761 1829 896 1899 deludet
916 1843 1064 1916 arantes,

335 1937 383 2005 Et
405 1939 503 2003 citius
525 1935 640 2024 nig‘rus
663 1934 723 2002 Sul
745 1938 890 2025 agitabit
912 1955 1026 2022 equus,

180 2055 190 2074 ·
292 2042 507 2124 Fluminaque
527 2038 571 2104 ad
593 2049 692 2124 caput
712 2041 870 2124 incipient
893 2057 1056 2106 revocure
1076 2039 1235 2127 liquores,

337 2144 463 2212 Aridus
487 2149 521 2209 et
541 2144 632 2209 sicco
653 2143 914 2231 gurgiteniscis
937 2145 1011 2225 erit,

250 2262 277 2308 ιι
295 2246 400 2332 Quam
423 2248 548 2334 possim
570 2253 704 2322 nostrus
728 2246 792 2311 aliu
812 2245 995 2312 transferre
1018 2246 1167 2315 dolores:

337 2351 446 2418 Huius
468 2366 526 2414 eru
547 2350 667 2431 vium,
688 2355 836 2416 mortuus
857 2347 955 2415 huius
979 2369 1046 2417 eru.

293 2449 388 2537 Quod
410 2448 489 2517 mihi
511 2453 542 2518 si
564 2468 678 2516 secum
700 2451 788 2534 tales
811 2451 995 2517 concedere
1017 2458 1137 2518 unctes

336 2553 398 2620 illa
418 2554 518 2636 velit,
537 2554 630 2620 vitae
650 2553 771 2642 longus
791 2560 825 2620 et
845 2572 951 2621 annus
973 2557 1052 2622 erit:
1366 2596 1368 2632 r

236 2651 240 2654 ’
296 2657 337 2728 Si
359 2657 557 2724 dubithuec
579 2658 718 2740 multus,
740 2658 1025 2727 fiamimmorlalis
1048 2660 1182 2728 inillis.
1366 2669 1367 2709 l

252 2778 279 2824 n
337 2762 446 2827 Nocte
467 2779 534 2827 unu
555 2762 665 2846 quivis
687 2761 743 2827 vel
765 2759 849 2826 deus
871 2779 953 2828 esse
974 2768 1095 2849 potest.
1363 2812 1365 2865 .

295 2860 433 2946 Qualem
456 2866 487 2929 si
509 2867 618 2930 cuncti
640 2870 799 2949 cuperent
820 2864 997 2931 decurrere
1015 2867 1119 2934 vilem
1362 2879 1364 2943 4

338 2963 385 3031 Et
406 2967 520 3050 pressi
538 2967 638 3032 multu
661 2967 808 3032 membra
828 2969 940 3033 iacere
962 2985 1062 3052 meru,
1361 2968 1363 3054 l

293 3070 370 3136 Nun
391 3069 513 3135 lerrum
535 3069 668 3136 crudele
689 3088 799 3156 neque
819 3078 914 3138 esset
936 3071 1054 3137 bellica
1074 3075 1185 3157 navis,
1358 3055 1362 3258 Ι

1356 3439 1357 3489 ι

1355 3509 1356 3567 l

337 3172 411 3238 Nee
431 3178 547 3239 nostru
570 3173 743 3240 Actiacum
765 3178 913 3240 verreret
934 3191 1014 3238 ussa
1036 3191 1139 3257 mure,

251 3287 278 3333 4⁵
294 3263 367 3342 Nec
389 3278 512 3341 totiens
534 3278 675 3362 propriis
697 3279 819 3344 circum
839 3283 1029 3364 oppugnata
1048 3275 1219 3363 triumphis

337 3378 450 3442 Lassa
470 3377 557 3444 foret
577 3381 686 3445 crines
708 3379 842 3446 solvere
862 3381 971 3446 Roma
992 3398 1083 3446 suos.

322 3611 365 3664 19.
384 3607 466 3663 etiam
485 3615 513 3664 et
530 3606 555 3662 ri
577 3611 610 3667 G.
677 3615 721 3668 20·
739 3612 889 3668 Ostendens
906 3629 932 3668 r.
994 3617 1037 3666 22.
1055 3611 1106 3666 hoc
1127 3614 1160 3669 G.
1174 3608 1301 3665 uul'erc
1353 3581 1355 3646 l

253 3695 290 3751 11.
304 3693 335 3748 7.
347 3697 386 3748 M.
405 3694 428 3748 si
446 3710 499 3763 qna
515 3695 549 3750 D.
568 3693 679 3764 periisse
695 3701 729 3752 G.
783 3702 827 3756 24.
845 3717 900 3754 nun
915 3705 949 3754 G.
967 3701 1084 3754 rediture
1099 3716 1125 3754 r.
1179 3700 1218 3751 2⁵·
1235 3694 1300 3758 llil·

253 3777 293 3827 tes
311 3775 364 3834 Hb.
434 3781 478 3832 27.
495 3776 599 3831 vinctae
616 3779 653 3836 N.
671 3778 722 3834 lllr.
738 3781 774 3835 ’7.
791 3789 855 3837 sunt
871 3782 907 3838 n.
924 3786 964 3839 M.
982 3802 1008 3841 r.
1077 3788 1120 3841 28.
1140 3781 1247 3837 leonina
1261 3771 1300 3828 ni·

253 3855 297 3908 29.
316 3857 383 3910 Erat
403 3874 446 3925 pr.
465 3876 500 3912 m.
519 3860 557 3912 Ν.
632 3865 676 3915 30.
695 3861 783 3916 nullus
801 3868 843 3919 M.
921 3873 964 3920 31.
983 3865 1079 3936 panthu
1097 3883 1123 3921 r.
1194 3856 1300 3916 suind-

254 3939 328 4006 piant
349 3943 379 3993 V.
398 3944 500 4008 agitare
516 3949 553 3999 H.
606 3950 650 4000 34.
668 3949 779 4002 Arridns
799 3953 832 4006 G.
845 3953 898 4006 Hb.
949 3957 993 4008 35.
1011 3954 1097 4022 possit
1113 3955 1150 4010 N.
1167 3953 1257 4004 celares
1272 3958 1300 4007 θαι

253 4025 359 4079 dolores
376 4025 410 4080 D.
429 4032 465 4083 Η.
488 4032 518 4086 V.
536 4033 576 4085 M.
632 4039 675 4087 36.
693 4034 775 4088 Vivus
796 4053 842 4091 ero
859 4037 939 4092 huius
957 4042 994 4090 11.
1052 4043 1095 4094 31.
1115 4048 1198 4092 tecum
1212 4031 1244 4084 N·
1259 4024 1299 4080 Ill·

201 4175 209 4182 .
252 4109 285 4164 A.
301 4125 325 4162 r.
394 4114 438 4166 41.
456 4115 564 4183 cupient
584 4119 634 4188 (4.,
652 4121 752 4172 vellent
768 4125 804 4180 n.
821 4140 867 4192 ra,
886 4132 1012 4192 cuperent
1034 4128 1064 4179 V.
1083 4126 1208 4178 deducere
1226 4110 1299 4174 &Nu

254 4192 394 4246 decurrere
410 4212 453 4262 pr.
471 4214 507 4251 m.
526 4199 579 4253 ΠΙ).
654 4202 700 4255 43.
725 4211 797 4259 esset
814 4224 901 4275 neque
916 4211 951 4264 R.
966 4226 1010 4277 α.,
1035 4225 1124 4262 meum
1141 4212 1180 4260 est
1194 4202 1243 4266 Me
1263 4211 1299 4246 Μ·

254 4291 306 4341 que
324 4282 394 4330 esset
417 4280 462 4348 7.,
486 4289 514 4333 et
533 4299 584 4335 nec
600 4287 637 4338 Μ.
723 4290 766 4340 44.
786 4289 913 4342 actiacum
930 4286 999 4360 nu,
1021 4290 1154 4345 acciaeum
1170 4305 1207 4354 c,
1227 4276 1296 4336 Mill·

254 4374 314 4411 cum
333 4363 384 4432 D.,
403 4363 545 4430 adryacurn
566 4371 599 4422 G.
666 4371 710 4424 45.
731 4373 811 4428 toties
827 4375 859 4430 P.
876 4375 909 4430 Δ.
929 4375 1041 4430 cirrcunr
1058 4392 1085 4432 c.
