2822 4976
291 349 294 352 Ι
319 397 410 469 caput
428 398 463 454 V.
497 397 542 453 De
556 393 633 455 libris
648 395 782 470 Propertii
798 398 995 472 maumcriptis·
1109 386 1192 466 ²45

109 571 202 634 etiam
232 587 308 632 unus
337 570 464 632 omnium
492 587 594 634 uerum
623 578 715 635 tenet.
764 569 863 653 Atque
890 570 971 636 haec
998 565 1117 654 quidem
1144 573 1185 644 de

106 657 184 722 libri
203 644 416 740 ἆμφηρίστου
436 657 615 720 auctoritate
637 665 667 720 et
685 657 795 724 uirtute
817 657 894 720 satis*
910 659 969 722 sint
990 656 1080 722 dicta.

210 741 258 804 De
280 741 405 823 reliquis
426 751 541 820 autem,
566 761 691 823 quorum
709 743 931 826 discrepantiae
952 744 990 807 ab
1012 745 1183 827 interpreti·

105 828 164 892 bus
186 828 407 908 superioribus,
432 830 623 893 Broulhusic
647 829 793 911 imprimis
811 838 840 895 ot
860 830 1046 907 Burmanno,
1071 834 1183 913 passim

108 914 276 978 adnotatae
296 924 382 990 sunt,
402 924 513 978 certam
534 917 706 979 sententian
726 915 809 978 lerre
833 931 985 994 veremur,
1004 925 1037 981 ut
1058 920 1109 998 qui
1130 927 1184 985 aut

106 1002 211 1066 rarius
234 1011 512 1078 commemorentur,
533 1021 620 1082 quam
641 1011 674 1066 ut
694 1002 909 1083 comparationi
934 1012 1094 1068 accuratae
1120 1005 1185 1069 sul·

106 1087 228 1162 liciaut,
250 1095 317 1162 aut,
339 1104 403 1151 cum
425 1087 485 1150 duo
505 1089 554 1152 sel
573 1090 676 1171 plures
698 1097 765 1152 suut
785 1090 992 1167 cognomines,
1011 1090 1103 1170 uulgo
1124 1108 1183 1173 pro

106 1174 193 1236 illius
214 1174 356 1255 temporis
376 1175 494 1236 ratione
518 1173 747 1238 contundantur.
789 1173 894 1254 ltaque
920 1174 1183 1242 2221211222-
1222 1223 1224 1226 -

107 1260 272 1322 neriano
295 1269 325 1324 et
345 1260 579 1323 Bononiensi
600 1261 711 1343 Vulpii,
733 1277 809 1340 quos
825 1261 1033 1324 vitiosissimos
1054 1264 1184 1328 omniun

110 1362 180 1409 esse
214 1353 315 1409 censet
341 1347 546 1410 Lachmannus
576 1345 687 1428 (praei.
714 1347 799 1426 XL),
831 1364 887 1410 neo
918 1347 957 1410 de
983 1348 1117 1429 Regiis
1151 1357 1183 1414 et

109 1430 360 1496 Golbertinis
386 1432 517 1509 duobus,
542 1452 666 1515 quorum
691 1434 882 1496 collationem
903 1434 1043 1500 Gallacus
1062 1433 1182 1498 Br'ouk-
1256 1497 1259 1505 ,

107 1518 197 1582 husio
218 1519 349 1593 curauit,
369 1535 423 1581 uec
444 1519 481 1582 dc
502 1519 708 1585 Voccionis
728 1519 806 1594 illis,
829 1537 903 1601 quos
929 1539 1021 1602 supra
1044 1519 1181 1599 diximus,

60 1679 62 1684 ,
108 1621 167 1668 neo
196 1603 234 1669 do
259 1605 526 1668 Doruilliauis
557 1605 717 1687 quidquam
743 1605 830 1668 nobis
859 1615 985 1671 constat.
1028 1605 1116 1685 Quod
1142 1623 1184 1686 eo,

110 1690 210 1768 magis
238 1689 388 1764 dolemus,
422 1693 492 1772 quia
519 1691 676 1772 Regium
697 1692 737 1756 11.
763 1709 824 1755 nou
855 1694 942 1755 modo
972 1693 1065 1756 semel
1092 1711 1181 1756 uuum

111 1778 240 1839 omnium
267 1777 401 1840 ueritatis
425 1779 553 1858 uestigia
581 1778 726 1859 quaedam
754 1795 905 1854 servasse,
935 1787 964 1842 et
989 1779 1042 1840 uhi
1069 1779 1181 1860 reliqui

110 1881 168 1945 pro
189 1863 324 1942 hylaei
343 1900 385 1911 —
407 1864 502 1947 psili
526 1863 573 1928 uel
593 1864 712 1946 psilci
734 1863 908 1939 exhibeant,
929 1863 1071 1928 llliaci
1090 1881 1181 1945 prae·

109 1952 185 2012 bero
208 1948 251 2029 (l,
273 1953 301 2023 l,
324 1947 406 2027 13,),
428 1949 480 2011 sed
502 1951 593 2013 semel
615 1951 704 2015 etiam
725 1949 941 2031 (1v‚8,as.)‚
963 1951 990 2012 si
1009 1949 1082 2013 fides
1101 1951 1180 2014 Bur·
1243 2003 1247 2009 .

110 2053 230 2110 manno,
259 2033 382 2098 eundem
403 2035 498 2097 solum
524 2038 723 2117 provulgata
749 2037 919 2115 stribligine
940 2054 1041 2100 uerum
1063 2035 1180 2100 dedisse

109 2121 252 2186 uidemus.
290 2119 528 2186 Golbertinus
546 2131 642 2186 autem
657 2123 696 2186 11.
710 2140 775 2186 oum
790 2122 907 2187 duobus
920 2122 1180 2187 llorsilliauis

110 2210 141 2269 in
170 2205 318 2286 singulari
350 2206 496 2270 librorum
524 2217 554 2272 ct
582 2207 701 2290 quidem
730 2209 881 2291 bipartito
903 2207 1038 2272 dissensu
1063 2209 1113 2272 El.
1138 2208 1179 2285 ll,

110 2299 141 2369 3,
161 2299 213 2356 32.
238 2293 474 2372 Groningani
491 2303 594 2377 partos
615 2303 745 2358 tuentur.
788 2295 1061 2359 vaticanorum
1081 2302 1180 2358 auam

110 2382 276 2462 quinque
305 2380 343 2442 ab
368 2379 491 2444 Heinsio
516 2379 555 2442 ad
583 2380 742 2444 editionem
770 2380 967 2460 Gryphianum
994 2391 1181 2462 comparato·

109 2485 174 2530 rum
202 2467 356 2547 primus,
384 2465 516 2546 quamuis
544 2465 681 2547 plurimis
710 2467 787 2528 locis
815 2485 880 2528 cum
907 2463 1079 2528 secundo
1105 2484 1179 2530 con·
1216 2509 1219 2516 -

108 2554 235 2626 sentiat,
262 2560 359 2614 tamen
380 2571 400 2614 a
420 2551 510 2614 docto
528 2552 745 2633 interpolatore
765 2551 879 2630 (seruum
901 2554 978 2614 cuim
1001 2552 1086 2615 solus
1107 2571 1179 2634 por·

109 2639 208 2719 spexit
229 2638 279 2712 IV,
299 2642 337 2712 4,
359 2635 426 2716 78.)
449 2636 528 2699 2212
549 2639 640 2702 multa
660 2654 766 2719 passus
787 2638 878 2701 facile
900 2639 1052 2718 arguitur,
1075 2647 1106 2702 ut
1126 2638 1178 2714 lv,

106 2728 144 2799 8,
168 2727 220 2787 23.
265 2723 388 2800 Quintus
409 2732 507 2785 autem
527 2723 612 2786 nimis
637 2741 729 2799 raro,
753 2725 859 2787 tertius
882 2732 912 2786 et
934 2733 1057 2805 quartus
1078 2723 1179 2786 rarius

107 2812 198 2875 etiam
227 2818 499 2873 commemorantur.
542 2811 596 2872 llis
622 2819 782 2893 praeterea
808 2809 1045 2873 coniunctissima
1066 2808 1180 2873 Gulotii

107 2904 177 2961 suut
196 2905 345 2976 excerpta,
367 2897 429 2959 siue
448 2913 485 2956 ex
505 2912 564 2958 uuo
585 2895 675 2971 libro,
696 2896 758 2958 siue
780 2896 970 2978 expluribus
989 2897 1079 2971 lucta,
1100 2913 1179 2977 quae

107 2984 205 3048 eidem
232 2982 354 3043 lleinsio
382 2981 538 3044 debentur.
582 2982 721 3058 Quamuis
751 2983 828 3044 cuim
857 2981 1022 3062 singularia
1048 2981 1180 3044 habeant

107 3069 141 3134 et'
169 3069 331 3130 doctissimi
361 3085 433 3130 sane
462 3066 686 3147 interpolatoris
713 3075 874 3130 commenta
902 3071 950 3148 (ut
975 3067 1025 3141 iv,
1046 3073 1078 3143 7,
1099 3067 1178 3147 bl),
1269 3130 1275 3136 .

105 3168 205 3218 22222
236 3153 408 3234 saepissime
435 3153 503 3216 sola
530 3170 595 3217 cum
622 3153 748 3218 Perreio
776 3154 905 3229 faciunt,
934 3162 967 3217 ut
993 3153 1040 3229 ll,
1063 3157 1103 3230 8,
1124 3157 1178 3218 34.
1303 3161 1307 3175 ’

106 3246 165 3316 13,
186 3240 237 3302 25.
258 3241 307 3302 uel
326 3239 463 3303 Vaticani
490 3239 515 3303 l.
543 3238 632 3303 docta
658 3239 813 3303 mendacia
834 3240 985 3314 recinunt,
1012 3247 1045 3302 ut
1065 3241 1122 3318 lV,
1144 3243 1177 3315 8,

104 3331 156 3390 23.
181 3325 274 3387 semel
295 3326 397 3400 etiam,
418 3325 497 3407 quod
524 3324 602 3388 idem
625 3326 720 3390 codex
745 3335 797 3389 aut
822 3343 924 3389 uerum
951 3327 1096 3403 semovit,
1125 3333 1177 3389 aut

105 3411 255 3493 perditum
282 3413 411 3474 restituit
436 3411 486 3486 IV,
507 3415 544 3487 4,
566 3415 633 3476 782
661 3412 871 3475 immundos
899 3411 1016 3492 pedes
1039 3447 1084 3458 -
1110 3412 1178 3474 sola

106 3517 172 3560 cum
196 3514 232 3559 ec
253 3498 391 3561 retinent.
435 3497 537 3575 Quare
557 3499 779 3574 Lachmannus,
800 3499 860 3561 uisi
878 3498 1056 3574 Vaticanus,
1074 3499 1177 3572 pullos

107 3584 229 3648 Golotio
256 3585 337 3646 uisos
365 3600 431 3646 esse
460 3584 556 3646 libros
589 3594 671 3648 recte
699 3585 821 3648 iudicat.
871 3584 947 3648 Nam
975 3584 1055 3665 quod
1083 3585 1181 3659 semel

108 3688 172 3732 cum
192 3667 276 3730 -solis
299 3669 571 3746 Scaligcranis
598 3688 700 3733 uerum
730 3678 849 3733 seruant
875 3667 1098 3749 (11,4‚18.):
1126 3671 1177 3734 lo-

107 3757 229 3836 scpbum
252 3755 438 3833 scaligerum
467 3773 551 3818 usum
581 3772 648 3818 essa
674 3756 754 3818 libro
777 3757 922 3821 Vaticano
950 3758 1016 3837 ipse
1041 3765 1178 3832 testatur,

107 3845 159 3923 qui
186 3841 303 3922 quidem
330 3840 453 3903 Heinsio
481 3851 603 3904 auctore
631 3839 685 3920 (ad
714 3843 867 3923 exemplar
892 3842 1099 3923 Perusianum)
1127 3842 1176 3906 El.

106 3929 153 4002 ll,
177 3932 207 3991 1.
236 3925 327 3988 semel
360 3926 535 4007 adscripsit:
568 3925 661 4002 „Non
688 3927 815 3991 habetur
850 3929 880 3990 in
908 3927 1083 3991 Vaticano.“
1130 3928 1178 3990 Ile

107 4015 182 4094 ipsis
204 4020 301 4074 autem
323 4011 473 4090 Scaligeri
501 4014 649 4094 excerptis
677 4021 710 4074 ut
734 4015 794 4076 iam
817 4011 965 4076 dicamus:
994 4032 1033 4076 ua
1054 4031 1091 4076 ea
1111 4015 1179 4094 qui·

109 4100 190 4173 dem,
211 4098 343 4178 2222212
364 4099 480 4162 Heinsii
500 4118 588 4162 mauu
609 4099 768 4171 adnotata,
791 4097 830 4160 ad
852 4102 927 4164 hanc
948 4099 1104 4163 editionem
1126 4117 1179 4163 ex·

107 4187 239 4267 primerc
259 4193 350 4246 tutum
368 4185 533 4247 habuimus.
574 4184 650 4248 Nam
670 4200 731 4246 uon
750 4185 836 4248 unius
857 4195 969 4250 tantum
989 4185 1101 4250 codicis
1118 4185 1180 4249 Va·

108 4272 199 4334 ticoni
228 4269 460 4350 discrepantias,
493 4268 548 4334 sed
575 4270 758 4351 promiscuas
788 4272 982 4354 complurium
1008 4272 1181 4350 scripturas,

108 4357 132 4420 ii
152 4357 214 4422 loci
235 4364 392 4436 testantur,
411 4357 465 4421 ubi
485 4365 627 4441 excerpta
647 4373 713 4422 cum
732 4373 769 4422 eo
789 4358 870 4424 libro
892 4360 968 4424 mire
987 4355 1183 4434 consentiunt,
