2848 4972
235 284 279 348 90
537 271 751 344 nncnnnnn
771 270 835 338 BL.
856 269 917 351 111,
938 267 971 338 3.

276 446 373 537 Ergo
392 444 563 514 Musarum
584 447 620 508 et
640 439 748 510 Sileni
770 441 876 528 patris
896 440 1007 528 imago

233 564 261 611 ac
321 549 470 628 Fictilis,
492 552 528 614 et
549 545 685 629 calami,
707 546 779 612 Pan
802 545 979 634 Tegeaee,
1000 543 1059 628 tui,

276 653 325 725 Et
345 653 490 722 Veneris
512 649 665 717 deminae
685 647 861 732 volucres,
882 666 957 713 mea
977 647 1092 732 turba,
1112 645 1280 715 columbae

321 759 470 846 Tingnnt
490 750 668 843 Gorgoneo
690 755 811 839 punica
831 758 942 818 rostra
963 750 1049 832 lacn,
1385 749 1387 808 i

275 859 511 944 Diversaeque
534 870 655 923 novem
678 858 818 922 sortitae
839 872 917 921 rura
938 854 1070 941 puellae

319 962 493 1032 Exercent
513 967 649 1027 teneras
670 961 704 1026 in
722 977 785 1024 sua
807 957 894 1024 dena
915 976 1042 1025 manua.

231 1081 260 1128 aa
277 1067 375 1138 Haec
398 1064 543 1131 hederas
565 1063 649 1152 legit
669 1065 704 1128 in
725 1061 880 1148 thyrsos,
901 1060 986 1127 haec
1006 1059 1152 1125 carmina
1172 1054 1286 1122 nervis

320 1171 440 1256 Aptat,
462 1172 498 1235 at
517 1167 573 1234 iila
593 1185 692 1233 manu
713 1169 799 1232 texit
819 1173 959 1251 utraque
981 1180 1102 1230 rusam.

276 1269 310 1341 Ε
333 1290 469 1358 quarum
491 1287 625 1337 numere
646 1287 699 1334 me
721 1270 860 1358 contigit
880 1285 947 1334 una
969 1266 1121 1333 dearum:

319 1375 364 1441 Ut
386 1390 461 1439 reor
483 1391 504 1437 a
525 1371 631 1454 facie,
653 1367 822 1456 Calliopea
845 1369 922 1434 fuit:

273 1472 488 1560 „Contentus
508 1475 619 1540 niveis
642 1490 774 1558 semper
794 1472 973 1539 vectabere
994 1469 1122 1556 cycnis,

231 1590 259 1636 ω
317 1580 391 1646 Nec
412 1583 447 1644 te
467 1578 564 1644 fortis
587 1579 663 1663 equi
685 1574 785 1642 ducet
807 1573 850 1642 ad
873 1592 966 1642 arma
987 1591 1100 1639 canuc.

278 1682 334 1749 Nil
358 1683 418 1749 tibi
440 1682 486 1747 sit
507 1699 608 1747 rauco
629 1681 807 1765 praecunia
829 1678 975 1745 classica
996 1694 1096 1743 cerna

316 1787 432 1868 Fiare,
453 1802 516 1850 nec
537 1784 678 1851 Aonium
695 1783 962 1871 cingffiffliarte
981 1797 1109 1860 nemus,

273 1889 344 1958 Aut
366 1889 484 1974 quibus
504 1890 537 1954 in
558 1889 683 1972 campis
705 1887 856 1952 Mariano
879 1884 1004 1970 praelia
1023 1884 1121 1970 signo

316 1987 416 2057 Sient
437 1995 472 2055 et
493 1989 695 2054 Teutonicas
715 1987 821 2053 Roma
843 1986 1008 2072 refringat
1029 1999 1122 2068 opes,

229 2093 444 2162 cuBarbarus
467 2098 525 2160 aut
543 2089 658 2158 Sueva
681 2090 837 2176 perfusus
858 2091 1022 2178 sanguine
1043 2085 1184 2153 Rhenus

316 2195 443 2264 Saucia
463 2197 623 2260 maerenti
645 2211 782 2279 corpora
803 2198 917 2257 vectet
938 2208 1035 2277 aqua.

260 2296 401 2386 'Quippe
422 2301 597 2362 coronatos
621 2294 761 2360 alienum
783 2291 827 2358 ad
848 2293 946 2358 limen
968 2293 1118 2356 amantes

313 2402 570 2484 Nocturnaeque
592 2415 695 2464 canes
718 2398 811 2464 ebria
832 2398 932 2486 signa
953 2395 1068 2483 fugae,

259 2499 316 2571 'Ut
338 2519 397 2587 per
416 2508 451 2567 ta
473 2501 608 2566 clausas
632 2504 719 2568 sciat
738 2507 920 2567 excantare
942 2499 1083 2586 puellas,

226 2617 254 2664 cc
316 2602 378 2685 Qui
401 2604 493 2670 valet
513 2610 668 2670 austeros
691 2610 765 2670 arte
787 2603 888 2670 ferire
910 2603 1036 2669 virus.“

268 2709 365 2777 Talia
384 2707 558 2793 Calliope„
572 2705 781 2793 lymphisque
805 2725 826 2773 a
846 2708 940 2774 fonte
959 2707 1075 2794 petitis

311 2808 380 2880 Ora
399 2809 573 2876 Philetaea
591 2818 709 2878 nestra
728 2812 854 2902 rigavit
874 2827 973 2897 aqua.

293 3071 745 3148 ac.·i11cuic.n.,cy'ncuiv.
771 3077 901 3144 erigor.
967 3081 1014 3132 30.
1030 3075 1122 3132 calami
1139 3093 1165 3135 r.
1190 3095 1244 3146 pac
1259 3083 1297 3135 a·
1385 3081 1386 3086 ’

223 3181 274 3234 gae
295 3167 338 3233 Ge,
358 3180 411 3232 pan
429 3169 524 3229 aegeae
543 3167 585 3233 1³„
604 3171 733 3234 patagcna
749 3165 799 3233 N.‚
816 3165 962 3232 pathageaa
978 3162 1043 3232 Hi„
1059 3181 1130 3233 pana
1147 3172 1242 3234 aegeae
1254 3172 1296 3238 a,
1385 3171 1386 3228 ἶ

223 3251 282 3304 Pan
306 3265 322 3301 ο
345 3255 422 3312 aegea
441 3251 475 3301 D.
563 3257 607 3304 31.
635 3251 671 3303 nt
693 3251 797 3304 veneris
822 3252 944 3303 volucres
968 3249 1092 3303 dominae
1117 3253 1149 3308 θ.
1177 3255 1254 3308 turbe
1273 3271 1295 3308 r.
1385 3241 1386 3244 Ἴ

221 3341 266 3389 32.
287 3332 406 3397 Cingunt
423 3337 461 3389 Η.
484 3325 630 3410 garganici
648 3333 719 3404 Hic,
743 3336 874 3400 gorgonio
894 3337 929 3388 n.
957 3336 1063 3403 pumice
1080 3337 1117 3394 N.
1141 3336 1187 3405 (dc
1206 3341 1296 3392 luccae
1385 3323 1386 3384 s

222 3433 301 3472 error
327 3424 366 3469 eat
390 3417 602 3487 1uccbi),r.m.
622 3419 677 3474 ni.
702 3426 795 3474 nostra
813 3421 850 3477 N.
869 3419 924 3478 ni.
942 3437 985 3489 pr.
1003 3437 1038 3475 m.
1112 3427 1156 3480 33.
1180 3428 1258 3478 turba
1273 3442 1296 3480 r.
1385 3467 1386 3474 ,

221 3506 265 3556 35.
292 3498 420 3552 haederae
437 3516 477 3569 r.,
504 3503 614 3556 cederes
636 3507 685 3574 6.,
712 3505 806 3557 ederas
825 3507 856 3557 Δ.
883 3504 957 3556 miris
973 3503 1027 3557 Hi.
1114 3511 1157 3562 36.
1175 3508 1247 3577 Apta
1262 3510 1296 3562 N.

199 3594 293 3642 'cna
314 3590 341 3636 et
361 3586 491 3654 niae,
511 3592 539 3639 at
555 3593 591 3641 H.
610 3592 639 3642 V.
692 3593 736 3642 37.
757 3589 893 3657 liquatum
906 3591 940 3643 R.
960 3605 1082 3642 sororum
1093 3595 1131 3644 H.
1184 3597 1228 3646 38.
1245 3595 1296 3644 cal·

219 3665 319 3732 liopcia
333 3681 357 3716 r.
410 3672 453 3720 39.
471 3669 612 3722 nectabere
623 3669 677 3725 Hc.
696 3671 788 3738 cygnis
801 3674 832 3724 P.
845 3673 889 3740 A„
908 3672 993 3736 cignis
1006 3673 1043 3726 N.
1055 3688 1079 3728 r.
1131 3676 1175 3730 tc.
1191 3691 1296 3742 acptum

220 3747 275 3805 Hi.
327 3751 372 3806 41.
390 3750 444 3804 siut
462 3754 495 3809 (i.
515 3755 657 3820 preccnica
671 3753 736 3824 Hic,
755 3756 892 3825 praetoria
908 3775 947 3827 ra,
964 3757 1107 3826 praeconia
1122 3759 1155 3810 D.
1169 3760 1243 3810 Parc.
1260 3757 1297 3824 7.,

221 3833 380 3904 praeconica
400 3836 432 3890 V.
501 3840 545 3896 42.
565 3841 644 3893 Flere
665 3843 697 3893 G.
715 3842 753 3898 N.
770 3845 805 3895 n.
824 3842 879 3901 Hi.
896 3845 930 3902 A.
949 3843 1072 3909 tinguere
1090 3845 1128 3898 N.
1143 3843 1199 3898 Hb.
1213 3847 1296 3910 Pera,

221 3918 327 3971 eiecere
348 3919 381 3972 G.
470 3923 515 3980 ts.
540 3939 618 3977 acevc
644 3933 681 3980 H.
700 3927 770 3995 Hc„
799 3944 863 3982 aevo
890 3932 923 3985 θ.
940 3929 994 3998 Ν.,
1021 3945 1101 3983 saevo
1126 3933 1163 3984 R.
1183 3946 1210 3985 c.
1234 3931 1296 4000 „uei
1384 3939 1385 3968 ³

220 3999 336 4056 Suevo“
354 4004 386 4056 Ρ.
465 4009 509 4060 iii.
536 4015 624 4063 vectat
647 4009 703 4070 ni.
784 4016 829 4069 te.
853 4031 947 4070 causas
970 4014 1024 4072 nc.
1040 4016 1081 4071 Μ.
1108 4022 1249 4070 extenuare
1263 4032 1296 4083 r„
1384 4009 1385 4074 i

220 4101 333 4180 exorare
349 4088 392 4156 P.‚
409 4105 543 4144 exornare
559 4109 585 4151 c.
603 4112 626 4149 c.
645 4098 722 4151 Pcrr.
792 4102 836 4155 51.
857 4119 946 4171 ..qne
964 4117 1015 4156 cm.
1033 4102 1123 4160 HM.
1141 4102 1245 4172 petistis
1259 4099 1295 4154 N·
1384 4083 1385 4158 i

224 4169 270 4224 cz.
289 4167 456 4236 punicani.
474 4173 772 4250 nu.n.,pu5naae.
1201 4163 1208 4176 ’
1384 4163 1385 4172 ¹
