2848 4972
226 370 290 438 128
559 357 773 428 PROPERTH
792 357 857 426 ΕΙ..
877 358 937 464 lv.
953 354 985 426 l.

311 535 360 608 Et
378 535 488 604 verita
506 535 560 599 est
580 529 733 598 humeros
756 551 853 599 urere
873 533 1003 600 damma
1023 532 1109 620 pios.

226 659 253 706 u
268 644 363 712 Tunc
384 639 484 705 animi
503 652 628 702 venere
648 636 750 718 Deci,
771 636 933 722 Brutique
955 654 1105 723 secures,

125 727 127 734 ’
309 745 412 811 Vexit
433 746 467 804 et
487 741 562 823 ipsa
582 739 636 803 sui
656 735 816 803 Caesaris
839 755 932 803 arma
951 738 1083 803 Venusz

265 850 369 919 Arma
390 842 598 931 resurgentis
620 847 756 927 portans
778 843 930 907 victricia
952 843 1074 908 Troiae

264 965 285 1030 ζ.
310 949 408 1016 Felix
430 955 521 1012 terra
542 951 617 1010 tuos
640 946 745 1030 cepit,
766 943 857 1027 Iule,
880 943 979 1011 deos!

267 1031 308 1124 Si
328 1050 422 1118 modo
444 1047 625 1116 Avernalis
647 1047 806 1113 tremulae
828 1051 955 1114 cortina
973 1044 1123 1134 Sibyllae

222 1171 252 1218 ta
307 1155 404 1222 Dixit
423 1152 591 1218 Aventino
612 1167 690 1214 rura
710 1147 832 1235 pianda
849 1151 965 1233 Remo,

267 1261 336 1327 Aut
359 1257 390 1321 si
410 1254 619 1339 Pergameae
641 1268 716 1316 sero
738 1256 813 1316 rata
834 1253 979 1316 carmina
998 1248 1090 1314 vatis

307 1359 525 1443 Longaevum
546 1351 589 1418 ad
609 1351 734 1417 Priami
754 1369 839 1518 upa
860 1352 953 1416 inere
975 1355 1088 1435 caput:

264 1461 417 1545 „Vertite
438 1472 575 1540 equum,
595 1451 720 1518 Danai!
742 1469 829 1517 mae
852 1454 1003 1518 vincitis:
1025 1450 1086 1515 llio
1107 1448 1209 1518 tellus

307 1564 427 1641 Vivet,
451 1564 485 1624 et
506 1555 582 1622 huic
605 1559 705 1622 cineri
727 1556 874 1642 luppiter
895 1574 986 1622 arma
1008 1553 1132 1621 dabit.“

218 1687 246 1735 oa
264 1667 396 1756 Optima
415 1665 576 1731 nutricum
598 1665 722 1729 nostris
744 1663 821 1750 lupa
843 1664 965 1730 Martia
986 1662 1098 1747 rebus,

309 1770 429 1853 Qualia
442 1772 627 1850 ,creverunt
649 1769 778 1832 moenia
799 1768 886 1834 lacte
907 1771 979 1834 tuo!

264 1873 401 1944 Moenia
414 1887 562 1954 namque
584 1871 637 1953 pio
659 1871 757 1935 conor
777 1867 953 1956 disponere
971 1886 1090 1934 versu:
1125 1909 1130 1917 -

308 1975 376 2044 Hei
395 1971 490 2056 mihi,
513 1971 599 2057 quod
621 1979 734 2038 nostro
757 1979 811 2039 est
831 1992 956 2058 parvus
977 1977 1011 2040 in
1032 1993 1089 2042 ore
1110 1988 1258 2056 sonusi,

265 2077 338 2148 Sed
359 2083 470 2141 tamen
492 2074 615 2162 exiguo
637 2073 862 2160 quodcumque
885 2093 904 2139 e
925 2081 1058 2160 pectore
1078 2078 1144 2146 rivi

221 2200 248 2246 aa
306 2179 473 2257 Finxerit,
495 2172 559 2241 hoc
580 2196 600 2260 p
638 2178 709 2242 riae
729 2178 857 2243 serviet
877 2195 971 2243 omne
992 2196 1098 2250 meae.

264 2282 396 2354 Ennius
417 2279 547 2346 hirsuta
569 2297 587 2344 c
648 2284 684 2344 at
698 2288 767 2344 ¹sua
790 2278 881 2345 dicta
903 2298 1040 2346 corona:

306 2384 354 2452 Mi
374 2382 454 2450 tolia
476 2398 520 2448 ex
540 2378 666 2446 hedera
687 2383 841 2471 porrige,
859 2381 1009 2466 Bacche,
1028 2390 1096 2469 tua,

262 2487 310 2558 Ut
332 2488 457 2553 nostris
479 2485 658 2551 tumefacta
679 2486 849 2572 superbiat
870 2486 1006 2554 Umbria
1025 2488 1131 2575 libris,

301 2589 438 2658 Umbria
457 2589 596 2664 Romani
617 2590 725 2674 patria
746 2587 949 2659 Callimachi.

219 2710 246 2757 a
263 2690 475 2766 Scaudentes
497 2693 528 2757 si
551 2692 626 2778 quis
648 2698 762 2759 cernet
785 2693 828 2759 de
849 2694 991 2760 vallibus
1010 2712 1123 2782 arces,

303 2794 443 2885 Ingenio
464 2813 574 2860 muros
596 2797 750 2862 aestimet
769 2794 825 2861 ille
845 2814 930 2862 meo.

259 2888 385 2980 Roma,
406 2899 505 2981 tave,
527 2899 587 2964 tihi
608 2900 718 2987 surgit
739 2917 838 2984 opus:
863 2898 941 2965 date
963 2896 1104 2966 candida
1125 2901 1224 2970 cives

225 3013 228 3020 ’
302 2999 437 3083 Omina,
466 3007 502 3068 et
522 3003 664 3089 inceptis
687 3001 827 3068 dextera
849 3008 960 3069 cantet
980 3005 1066 3069 avis

258 3103 367 3174 Socra
393 3103 531 3190 diesque
552 3122 669 3171 canam
692 3111 727 3172 et
747 3107 941 3194 cognomina
962 3106 1073 3191 prisca
1094 3105 1257 3178 locorum:

212 3216 240 3263 ¹⁰
298 3207 373 3275 Has
395 3223 488 3274 meus
510 3205 554 3273 ad
575 3212 684 3272 metas
706 3204 806 3274 sudet
825 3212 1092 3294 oportetequus.

607 3344 881 3432 flu*

277 3615 321 3668 ld.
341 3610 409 3670 decii
423 3614 461 3670 N.
472 3629 498 3674 r.
509 3618 543 3671 A.
595 3617 640 3677 46.
657 3616 715 3688 ipse
730 3617 763 3673 θ.
818 3613 1116 3688 taiua1habcrcff.
1166 3615 1211 3672 49.
1231 3624 1291 3672 tre-

209 3699 282 3751 mula
300 3705 338 3756 H.
418 3705 462 3756 56.
483 3702 581 3771 pieuda
601 3699 632 3759 V.
650 3703 694 3756 M.
719 3701 815 3772 Remo]
834 3704 885 3757 deo
904 3719 948 3771 pr.
963 3718 999 3756 m.
1015 3699 1070 3758 Hh.
1149 3703 1191 3758 51.
1205 3715 1290 3756 ‘oero-

209 3787 269 3835 rata
285 3783 335 3851 P.‚
365 3800 425 3838 sero
450 3787 512 3840 data
532 3789 583 3857 G.,
612 3803 672 3842 sero
698 3792 762 3840 nata
784 3790 828 3845 M.
915 3789 960 3840 56.
983 3786 1089 3839 Vettios
1109 3788 1141 3838 V.
1168 3789 1239 3838 telus
1260 3803 1290 3843 c.

207 3871 251 3922 dl.
268 3868 367 3937 iupiter
383 3873 420 3925 N.
448 3875 522 3927 dedit
541 3879 579 3927 H.
664 3876 706 3928 55.
724 3874 854 3929 nutritum
871 3890 895 3932 r.
979 3875 1023 3927 57.
1042 3886 1121 3925 coner
1137 3873 1174 3926 Ν.
1192 3873 1227 3928 D.
1246 3877 1290 3928 H.

212 3955 244 4008 V.
263 3957 307 4011 M.
326 3957 403 4010 Pero.
428 3959 578 4013 describere
594 3963 632 4013 H.
650 3963 694 4014 M.
778 3963 822 4014 58.
841 3959 876 4012 Εἰ
901 3957 982 4012 michi
1003 3964 1039 4014 N.
1122 3961 1165 4012 59.
1184 3957 1216 4010 Si
1240 3960 1289 4028 G.‚

206 4039 243 4092 At
260 4043 298 4093 H.
315 4056 349 4094 ex
365 4043 412 4112 o,
430 4047 523 4100 estG.
546 4043 667 4114 pectore]
685 4037 775 4100 notho
793 4049 831 4104 H.
890 4049 942 4102 60.
959 4043 1058 4100 serviat
1074 4044 1107 4096 G.
1119 4045 1155 4095 R.
1170 4059 1208 4112 a,
1229 4060 1291 4098 ser-

206 4122 263 4177 viet
284 4126 314 4181 V.
332 4128 377 4180 M.
457 4134 501 4183 ol.
520 4131 634 4184 Einniua
651 4131 736 4185 irouta
756 4134 789 4186 G.
815 4131 910 4198 gingat
926 4135 963 4185 N.
1042 4133 1085 4187 65.
1107 4129 1228 4198 quisquis
1248 4132 1289 4185 N.

206 4211 290 4264 cernit
309 4212 345 4264 N.
363 4212 418 4267 Hh.
436 4219 475 4273 H.
496 4213 528 4273 V.
595 4222 639 4271 66.
658 4217 770 4270 extimet
787 4219 823 4275 N.
842 4215 898 4270 Hh.
973 4217 1018 4273 68.
1035 4213 1133 4270 Omnia
1147 4230 1174 4268 c.
1197 4213 1225 4267 in
1245 4220 1289 4267 to-

207 4292 257 4346 otia
274 4297 319 4349 M.
337 4304 416 4352 canet
435 4314 502 4368 opus
522 4299 575 4354 Hb.
646 4306 691 4356 66.
709 4316 802 4354 cauam
821 4317 873 4356 om.
888 4302 922 4355 G.
