2762 4972
185 373 325 447 (166611.
359 373 401 426 De
417 371 595 442 dispositione
610 375 757 447 carminum
775 374 1022 446 Propertianorum.
1089 363 1142 446 88

168 549 260 617 Vides
282 549 391 630 igitur,
413 555 447 611 61
472 547 551 629 66161
572 556 603 610 61
630 547 760 629 elegiaci
787 551 952 630 argumenti
974 549 1141 620 differentia

79 639 137 720 ipsa
164 637 359 719 dispositione
389 643 543 716 appareat.
589 634 676 712 Quod
705 635 815 698 clarius
844 638 932 699 61166
960 642 1141 722 perspicitur

79 729 112 787 iis
137 724 264 804 idylliis,
293 723 399 802 quibus
427 730 546 802 poetam
574 721 670 800 ipsum
699 730 750 783 661
778 723 817 784 ab
845 724 930 785 161116
952 735 1005 789 661
1030 729 1061 788 16
1084 727 1140 791 bue

81 821 150 874 certe
171 813 316 874 iuteresse
336 806 485 880 ridemus,
507 805 607 868 61ΕΙ.
629 805 658 881 Ι,
679 810 709 870 3.
732 808 777 883 ll,
800 811 851 872 29.
873 808 928 884 IV,
950 813 980 874 5.
1002 815 1032 876 6.
1057 818 1086 877 7.
1108 817 1139 880 8.

80 897 109 959 16
134 898 176 958 116
206 898 282 959 6616
312 911 430 956 666666
457 909 542 954 6666
562 899 711 972 tamquam
733 892 772 955 ad
799 912 881 955 suum
904 897 1011 958 exitum
1034 915 1069 960 eo
1091 917 1141 962 re·

81 985 178 1058 currit,
206 980 331 1056 atille,
358 978 506 1060 quomodo
529 995 577 1040 res
600 987 705 1057 gestae
727 997 759 1041 se
782 977 949 1057 affecerint,
977 986 1140 1050 661166116

81 1069 232 1150 significet,
254 1075 306 1132 aut
327 1075 430 1148 aperte
450 1064 663 1146 proloquatur,
684 1072 718 1130 ut
736 1064 784 1128 ΕΙ.
807 1065 850 1143 ll,
873 1071 930 1144 29,
949 1069 1003 1133 41.
1026 1088 1086 1156 sq:

275 1203 321 1254 Sic
339 1217 383 1267 cqc
401 1207 455 1252 tam
473 1202 559 1252 666611
577 1201 807 1252 666166666166166
825 1204 933 1258 6666616.

309 1273 354 1323 Etr
369 1271 417 1321 illo
434 1271 501 1336 selim
516 1286 571 1321 raom
588 1269 738 1321 6611166116
755 1271 815 1336 suit.

81 1410 125 1474 Sic
144 1409 191 1474 111.
207 1406 259 1488 Ν,
278 1412 309 1486 8,
329 1411 480 1475 tii-88.
500 1409 629 1471 uictoria
649 1407 791 1489 Cynthiae
814 1418 843 1474 ct
864 1411 1015 1476 seruitium
1035 1423 1144 1496 666166

82 1497 193 1574 grauius
221 1506 392 1560 renouatum
423 1513 542 1558 carmen
570 1493 720 1558 claudunt.
767 1496 878 1575 Elegia
906 1509 1002 1562 autem
1029 1500 1085 1576 lv,
1111 1506 1143 1567 5.

83 1582 219 1664 duplicem
239 1584 330 1646 babet
351 1582 530 1660 clausulam,
549 1581 674 1663 primum
694 1601 739 1645 rr.
761 1585 812 1646 61.
833 1587 902 1658 62.,
931 1587 1035 1665 quibus
1058 1588 1145 1668 puel·

82 1667 221 1731 1616666
249 1671 531 1747 661116666666616
558 1676 650 1748 poeta
681 1667 841 1749 desperare
871 1669 1005 1733 uidetur:
1037 1671 1145 1738 deinde

82 1773 124 1818 ru.
144 1759 308 1831 tia-76,
336 1754 441 1834 quibus
472 1763 566 1816 morte
593 1753 729 1816 aniculae
758 1754 882 1818 dolosae
909 1759 1035 1834 exultat;
1064 1757 1145 1839 quod

82 1841 184 1921 ipsum,
205 1842 263 1904 nisi
284 1843 315 1904 in
337 1841 393 1902 bac
416 1841 604 1920 appositione
623 1840 712 1902 totius
735 1839 853 1918 elegiae
872 1841 917 1906 uis
938 1843 1037 1923 posita
1059 1853 1146 1921 esset,

82 1929 220 2006 integrum
243 1945 309 1990 esse
328 1936 431 2007 posset
450 1944 583 2002 666666,
605 1926 687 1987 66166
709 1926 876 1990 exendum
897 1931 948 1990 63.
963 1933 1026 2004 64,
1050 1933 1146 1993 exitus

84 2032 124 2075 ru.
147 2017 297 2076 13-16,
340 2013 450 2092 Elegia
470 2028 562 2093 porro
585 2013 609 2087 l,
631 2013 672 2086 3.,
694 2013 776 2074 66166
799 2012 961 2075 clausulam
982 2015 1147 2094 legitimam

83 2099 204 2162 fortasse
223 2098 387 2174 desideres,
409 2100 458 2162 bic
480 2107 525 2161 est
544 2115 711 2180 processus,
733 2108 764 2161 ut
785 2101 868 2161 suari
884 2099 1027 2179 Cynthiae
1047 2103 1147 2183 quiete

85 2185 249 2248 dormientis
269 2186 393 2263 imagini
410 2183 545 2264 (1—6.)
560 2193 675 2246 amator
692 2184 791 2247 ebrius
810 2187 975 2267 irrumpens
989 2190 1024 2267 (7
1033 2223 1069 2236 -
1081 2188 1147 2267 tc.)

86 2281 256 2352 opponatur.
301 2271 393 2333 Curius
416 2288 481 2332 cum
501 2270 639 2333 libidines
668 2272 727 2332 iam
755 2269 982 2336 exardescentes
1011 2282 1041 2336 et
1069 2272 1150 2338 dulci

85 2366 199 2438 aspectu
226 2365 256 2419 et
282 2358 416 2438 priorum
441 2373 602 2437 poenarum
629 2355 771 2418 memoria
796 2358 930 2434 uicisset,
956 2357 1034 2421 lusui
1063 2360 1150 2423 innc-

86 2445 207 2506 6661161
236 2444 402 2506 tenerrimis
430 2443 540 2505 amoris
563 2441 681 2521 gaudiis
710 2461 743 2505 66
765 2445 908 2523 permittit
928 2463 973 2508 uu.
998 2448 1149 2510 17-30,

84 2529 159 2592 llaec
180 2530 275 2608 igitur
296 2531 321 2590 si
343 2539 536 2610 experrectae
556 2528 676 2608 puellae
696 2530 878 2608 amplexibus
899 2540 990 2610 poeta
1006 2531 1151 2596 cumulari

86 2617 233 2688 uoluisset,
253 2614 382 2677 iucunda
398 2614 578 2694 uoluptatum
594 2616 781 2676 enarratione
801 2615 876 2676 bene
892 2617 1022 2678 clausurn
1043 2635 1151 2698 66666

86 2700 267 2763 biberemus.
310 2703 349 2764 Aa
375 2701 428 2762 ille
451 2699 558 2775 multu,
584 2701 611 2760 si
632 2699 827 2781 quadriduo,
855 2709 884 2763 et
905 2703 1015 2765 rectius
1039 2713 1068 2766 et
1089 2704 1151 2766 ele-

87 2789 199 2866 gantius
224 2797 346 2868 praeter
373 2787 606 2868 expectationem
637 2786 843 2863 obiurgantem
871 2787 945 2850 16611
970 2796 1000 2849 61
1025 2787 1151 2852 16166166

89 2875 310 2955 exprobrantem
324 2871 481 2935 dominam.
524 2872 633 2935 16166
656 2881 751 2935 66166
766 2871 902 2953 querelas
926 2871 1062 2934 desinens
1084 2892 1152 2937 666·

88 2977 146 3022 666
174 2961 201 3021 61
230 2960 279 3022 661
306 2976 342 3021 66
371 2959 428 3021 liae
457 2976 562 3021 666666
590 2956 741 3033 rideatur,
768 2974 827 3040 quc
857 2975 907 3020 res
936 2956 1089 3022 discordes
1112 2957 1152 3022 ad

88 3054 252 3109 concentum
274 3044 490 3125 quodammodo
507 3053 698 3107 revocantur:
720 3061 773 3106 nos
797 3062 832 3107 eo
850 3043 933 3124 1666,
954 3043 1033 3124 quod
1055 3045 1154 3109 subito

90 3134 228 3208 conticet,
256 3133 365 3212 661166
391 3131 491 3193 claudi
517 3129 592 3193 illud
617 3148 778 3193 censemus.
822 3129 896 3192 Nam
918 3130 1155 3212 obstupefactum

91 3235 119 3279 sa
138 3228 167 3282 et
194 3217 309 3298 pudore
330 3218 484 3280 confusum
514 3225 543 3280 et
568 3218 714 3292 nescium,
744 3215 814 3297 quid
842 3217 909 3279 iure
939 3219 1075 3297 querenti
1105 3236 1156 3280 re·

91 3305 245 3384 spondeat,
274 3322 332 3384 qua
356 3322 391 3366 re
414 3303 565 3366 efficacius
588 3303 751 3384 significet,
778 3303 915 3385 quamsi
941 3303 1058 3366 666166
1081 3301 1157 3367 nibil
1250 3330 1260 3346 s

91 3389 289 3472 respondeat?
1086 3467 1090 3473 Ι

193 3477 297 3554 Magis
332 3474 419 3538 etiam
451 3474 611 3555 perspicua
643 3473 822 3537 somniorum
855 3469 1157 3557 661161616666666

92 3571 189 3643 aperte
208 3571 456 3639 argumentorum.
499 3562 574 3625 Nam
595 3560 642 3622 ΕΙ.
660 3560 712 3635 ΙΙΙ,
732 3563 762 3622 3.
784 3560 850 3640 6616
873 3577 932 3622 666
954 3562 1159 3642 6661161666·

92 3656 144 3711 166
163 3648 310 3711 severiori
331 3655 420 3711 antea
441 3649 540 3730 poesis
562 3647 667 3726 generi
684 3644 812 3709 deditum
831 3646 1159 3728 (666-1666661·

94 3751 174 3814 quam
196 3736 326 3816 impares
348 3735 433 3814 66661
458 3734 538 3796 rircs
560 3751 630 3795 suas
653 3731 836 3795 intellexerit
858 3732 1040 3810 113-24.)
1063 3733 1161 3796 solam

94 3822 226 3883 carminis
249 3821 387 3883 amatorii
413 3818 531 3881 laudem
552 3836 698 3900 quaerere
725 3836 758 3881 66
785 3817 954 3895 significare
976 3817 1159 3898 (25-62.)

97 3905 200 3988 Specie
229 3908 322 3984 igitur
347 3907 447 3986 661166
476 3923 562 3987 6666
584 3923 618 3968 66
639 3922 713 3968 uera
734 3904 848 3984 epicum
874 3913 920 3967 est
946 3916 1159 3984 argumentum.

30 3991 32 4026 ³
97 3990 194 4075 llequc
222 3992 312 4055 aliter
338 4009 387 4054 res
416 4010 449 4054 se
475 3993 566 4055 babet
595 3989 642 4054 ΕΙ.
662 3991 706 4066 ll,
734 3993 794 4064 26,
823 3993 965 4065 1-26,,
1001 3991 1081 4072 quud
1108 3991 1159 4071 qui

32 4123 34 4142 .
98 4080 250 4161 areliqua
271 4077 389 4157 elegiae
416 4088 503 4159 parte
529 4077 689 4140 seiunctum
710 4075 856 4153 integrum
877 4092 995 4138 carmen
1017 4093 1082 4138 esse
1105 4092 1160 4138 ru·

98 4160 222 4240 luerunt,
248 4173 358 4246 666166
379 4164 558 4227 6616116166
584 4164 674 4245 61666
700 4160 931 4242 66661666111666
951 4162 1037 4224 66116
1059 4160 1162 4224 riden-

99 4257 148 4313 tur.
191 4251 267 4315 Nam
290 4251 431 4312 somnium
451 4249 543 4324 illud,
566 4248 663 4330 quad,
689 4249 716 4309 si
742 4246 816 4310 nulli
839 4247 965 4310 consilio
988 4246 1163 4309 destinatum

100 4333 278 4402 inotiosum
301 4337 418 4418 ingenii
444 4337 540 4400 lusum
568 4341 738 4399 enarratum
766 4342 861 4412 esset,
886 4333 1064 4397 leuissimum
1085 4333 1166 4395 iuret

914 4437 963 4499 66
