2806 4974
243 321 323 398 210
556 339 748 398 Quaestionum
761 339 848 394 ¹liber
864 339 1009 395 amedu.

250 508 378 572 interm
403 506 498 572 inisse
527 510 712 588 argumentis
742 509 893 574 deelnret:
928 519 1034 574 eontrn
1062 509 1206 592 plurima,
1237 523 1311 588 quse

251 611 311 656 uon
336 591 424 656 modo
453 595 548 675 ipsum
577 607 698 677 poetam
728 616 784 660 sun
815 614 946 678 persona
972 598 1140 678 loquenten
1167 595 1310 668 exhibent.

252 678 306 745 aed
331 698 401 744 rere
428 680 558 763 elegiaci
583 681 696 763 aliquid
724 685 848 765 spirent
892 683 996 746 Omnia
1017 683 1144 764 denique
1171 683 1216 744 ita
1238 697 1312 741 eom-

252 775 376 849 pernta‚
397 775 429 829 ut
448 769 479 829 iu
502 768 606 848 queris
627 769 726 848 elegio.
745 769 886 832 decenter
905 770 1010 833 sedere
1030 770 1191 851 potuerint.
1232 766 1309 845 Ergo

253 854 340 916 etiam
369 853 516 916 similiora
547 855 633 916 buius
668 875 754 934 quiam
786 856 922 919 Philetne
953 858 1087 919 onrmiua
1112 852 1313 935 Propertinuis

252 937 345 1001 luisse
374 937 468 1001 diens.
517 938 595 1014 Quid
626 941 729 1021 nilque
757 952 815 1004 tum
845 941 1007 1022 simplicio,
1034 951 1068 1004 ut
1099 958 1165 1002 unm
1194 937 1311 1002 Tibullo

251 1024 358 1086 merito
375 1027 491 1104 possint
510 1029 679 1107 uompnrari
697 1028 792 1100 (uelut
805 1027 893 1106 lrgm.
905 1028 932 1091 Ι.
943 1047 993 1110 ap.
1006 1027 1151 1093 Valeleu.
1163 1035 1194 1088 et
1206 1023 1314 1088 Tibull.

254 1107 304 1174 Ill.
323 1108 354 1182 1,
373 1114 409 1184 t,
429 1114 482 1174 80.
503 1111 593 1190 lrgm.
614 1112 653 1174 11.
673 1113 744 1176 Tib.
758 1113 791 1190 Ι,
810 1117 846 1188 8,
866 1113 953 1194 51.),
973 1114 1062 1195 plura
1080 1131 1154 1176 uero
1174 1113 1225 1173 ubi
1242 1110 1313 1172 Pro-

115 1235 119 1244 ·
256 1195 347 1276 pertii
379 1198 610 1272 meminerimus,
644 1207 678 1261 ut
705 1199 795 1277 lrgm.
819 1199 918 1262 Bentl.
940 1200 1061 1263 LXVII.
1089 1199 1161 1262 eoll.
1184 1198 1273 1276 Prop.
1293 1195 1315 1268 l,

254 1285 286 1346 9.
303 1279 353 1342 iu.
375 1280 425 1344 cl.
444 1281 515 1345 coll
535 1282 567 1357 1,
588 1285 639 1358 18,
660 1287 712 1346 23.
734 1285 810 1348 GVI.
829 1284 900 1348 ooll.
920 1283 1011 1367 l‘rop.
1030 1285 1090 1362 III,
1110 1291 1141 1348 2.
1161 1293 1249 1357 extr„
1269 1281 1316 1361 qui
1386 1299 1387 1326 ³

253 1366 316 1430 loui
345 1367 433 1428 etium
460 1367 655 1449 dispositione
680 1387 817 1433 uersuum
845 1378 913 1433 suut
942 1370 1064 1434 similes.
1112 1370 1316 1449 Fragmentum

253 1459 350 1514 autem
370 1452 469 1516 Beutl.
489 1453 567 1516 cxl.
589 1453 628 1517 ud
649 1473 769 1518 earmeu
787 1454 905 1520 ridetur
923 1458 1103 1538 pertinuisse
1130 1457 1175 1518 ite
1192 1455 1317 1534 Proper·

254 1538 337 1602 tieuo
357 1538 418 1615 ΠΙ,
441 1544 472 1604 7.
493 1541 566 1603 satis
591 1541 706 1618 simile,
734 1541 773 1604 ul.
794 1560 897 1605 eomm.
918 1543 958 1605 ad
980 1561 1006 1606 e.
1030 1543 1051 1604 1.
1092 1542 1197 1605 Possis
1225 1549 1316 1602 temen
1386 1549 1387 1602 l

255 1625 344 1688 etiem
371 1634 452 1692 reete
480 1643 655 1707 eompnrnre
681 1629 821 1702 1,e‚5.
844 1632 895 1702 17,
916 1634 948 1692 2.
971 1639 1000 1692 et
1021 1627 1156 1692 CXXVI.
1185 1627 1275 1705 Prop.
1294 1624 1316 1697 l,
1386 1617 1387 1704 ξ

254 1711 352 1785 8,18.
368 1729 435 1792 sqq.
455 1712 544 1792 lrgm.
564 1712 725 1776 CXXVIII.
748 1715 840 1796 I'rop.
855 1714 910 1792 III,
930 1718 981 1790 13,
1003 1718 1053 1778 39.
1070 1708 1316 1795 squ-CXXXIII.
1386 1715 1387 1762 ἒ

254 1795 304 1860 lil.
325 1795 386 1873 111,
407 1802 444 1874 tr,
467 1802 498 1862 7.
551 1798 690 1862 Eloeutio
718 1817 778 1862 nom
804 1802 849 1863 ita
875 1801 982 1881 proool
1009 1801 1095 1863 ebest
1122 1801 1163 1862 ab
1190 1816 1228 1859 en
1252 1814 1318 1876 gru·
1386 1817 1387 1856 ι

255 1881 385 1958 oilitste,
406 1902 492 1963 φιιιιιι
513 1883 545 1945 in
564 1885 787 1966 epIgrammetis
806 1887 1036 1949 observavimus.
1077 1887 1153 1950 Nam
1175 1883 1255 1964 quod
1273 1900 1318 1943 ra·
1386 1907 1387 1944 ι

256 1967 342 2031 riorn
367 1970 479 2049 passim
501 1977 531 2031 et
558 1971 694 2033 obsoleta
713 1971 807 2036 rerba
826 1970 1089 2054 deprehendimus,
1113 1975 1173 2034 boe
1203 1972 1235 2031 in
1261 1969 1318 2030 lrn·
1386 1961 1387 1980 ¹

256 2053 402 2134 gmeutis,
423 2073 501 2136 pune
522 2059 712 2119 rummexime
731 2058 862 2120 solnrum
884 2058 1054 2138 glossnrum
1075 2075 1169 2120 eausa
1189 2074 1210 2116 n
1228 2071 1318 2134 gruu-

256 2140 373 2202 maliolo
401 2149 471 2204 sunt
499 2151 635 2218 serrata,
665 2142 778 2206 iniuria
808 2145 935 2208 mireris.
985 2144 1170 2225 Quemquam
1199 2142 1318 2223 plurima
1360 2186 1363 2204 .

257 2225 363 2289 burum
382 2243 442 2288 uon
461 2227 506 2288 ita
524 2229 768 2310 temporarium,
789 2231 876 2310 quasi
894 2229 985 2295 alteri
1005 2229 1067 2292 loti
1089 2248 1128 2293 ex
1147 2229 1253 2291 alterIs
1273 2243 1318 2287 er·

257 2311 357 2394 pressi
382 2313 458 2388 siut,
484 2311 539 2374 sed
564 2323 597 2377 nt
622 2314 728 2378 similis
748 2314 893 2379 duntaxat
915 2325 1061 2399 appareat
1086 2314 1233 2378 diotorum
1254 2327 1319 2393 quo·

258 2395 415 2460 dnmmodo
445 2397 576 2478 animus,
608 2411 739 2480 euguetn
769 2402 926 2466 senteutin.
977 2401 1104 2465 Laetior
1137 2411 1235 2465 tameo
1267 2413 1320 2460 nun

257 2499 331 2546 raro
353 2501 373 2544 a
395 2485 573 2565 metapboris
598 2489 716 2562 uratio,
741 2505 867 2568 marum
893 2487 1054 2550 ronuullne
1079 2487 1239 2550 admodum
1259 2501 1320 2546 snu-

257 2585 309 2631 res
331 2567 535 2644 (GGLXXIll.
554 2571 742 2636 CCLXXIX
761 2572 958 2651 GGGGXX),
978 2592 1038 2636 uua
1057 2575 1139 2649 solu,
1162 2590 1250 2656 quam
1267 2586 1319 2631 uon

256 2654 435 2720 imitaturum
456 2655 550 2718 luisse
566 2658 752 2740 Propertium
773 2658 967 2723 confidentius
985 2660 1081 2723 diuum
1102 2653 1319 2724 cumberti.

257 2739 341 2807 XIII.
361 2741 506 2806 Valelen.
527 2741 566 2805 de
586 2743 713 2809 Gratiis:

358 2867 491 2944 ”Eliane,
509 2876 561 2931 νῦν
578 2874 608 2930 d’
625 2874 763 2947 ἐλέγοισιν
779 2871 953 2944 ἔνιψὴσασθε
968 2874 1092 2938 lenduno
1107 2905 1143 2918 -
1155 2881 1263 2951 χεῖρας.

261 2993 301 3054 At
321 2993 369 3054 lie
396 2993 456 3056 inm
476 3013 592 3058 marum
612 2995 651 3075 de
672 2995 793 3073 tabula,
818 3012 857 3059 ue
881 2996 950 3079 plus
971 2996 1224 3062 Inriolntionibus
1244 3009 1322 3078 quam

261 3079 353 3141 eertis
382 3081 563 3160 argumentis
583 3080 703 3145 dedisse
726 3083 890 3147 uideamur.
931 3084 1015 3147 llaen
1037 3085 1114 3148 euim
1141 3094 1226 3161 sunt,
1253 3095 1321 3162 quoe

262 3163 304 3226 ad
329 3166 556 3247 eoupnrandarn
580 3167 732 3252 Propertii
758 3178 790 3234 et
813 3167 1081 3236 Alexandrinum·
1111 3180 1208 3237 arten
1227 3167 1322 3234 disere

262 3249 433 3329 labamus,
453 3255 563 3318 omniu
