2806 4974
93 434 95 438 ,
205 363 208 450 Ἰ,
247 365 323 444 EM
494 355 496 362 ‚
560 381 752 442 Quaestionum
769 381 850 436 Liber
869 381 1010 442 secundus.

251 575 329 623 canu
358 555 539 638 positionem
563 555 703 631 assumit,
731 566 764 620 ut
788 553 956 629 Nesaee,
988 551 1209 633 Lampetie,
1237 552 1303 614 An·

252 641 444 718 dromeda,
473 643 775 722 Hyper'rnnestre
804 641 874 718 (ΙΙΙ,
897 644 934 716 7,
957 641 1028 714 63.,
1057 639 1109 700 ubi
1135 657 1164 702 ι.
1187 637 1328 716 burna·

250 731 365 795 Rursus
385 729 523 790 Latinam
553 728 697 790 interdum
724 728 958 791 terminationem
988 743 1042 800 ea,
1069 742 1155 804 qnam
1182 723 1306 797 diximus,

145 883 152 896 ,
240 816 321 895 lege
350 813 490 889 admittit,
518 822 556 876 ut
576 814 620 891 ΙΙ,
647 818 683 890 3,
715 817 765 878 Ι8.
797 813 856 889 ΙΙΙ,
886 815 941 886 17,
968 811 1017 874 8.:
1046 808 1233 884 Ariadna;
1258 809 1305 882 ΙΙΙ,

252 904 290 978 8,
317 904 386 963 32.;
416 901 604 975 Helenae;
634 899 680 974 II,
709 903 742 974 3,
765 904 830 962 32:
858 897 1048 960 Helenam.
1100 896 1211 972 Quribus
1238 894 1305 958 locis

252 987 387 1050 omnibus
407 987 522 1049 Graeca
541 984 637 1047 torma
657 985 786 1046 admissa
806 1001 909 1046 uersus
928 981 1114 1063 perderetur.
1156 981 1202 1044 ΕΙ.
1220 991 1307 1042 antem

252 1070 344 1148 LA,
365 1075 411 1147 6.,
435 1073 488 1133 ubi
513 1071 658 1133 librorum
685 1072 787 1154 optimi
808 1069 1036 1132 Hermionae
1062 1067 1111 1130 rel
1138 1076 1242 1147 aperte
1262 1084 1307 1129 ex-

252 1157 370 1233 hibent,
402 1157 451 1220 uel
481 1157 547 1238 ipsu
576 1157 695 1219 librarii
730 1174 834 1219 errore
861 1154 1019 1234 legendnm
1048 1171 1115 1216 esse
1143 1152 1308 1232 significant,

253 1261 312 1308 non
328 1253 392 1307 erat
413 1261 465 1304 cur
479 1243 683 1305 Lachmannus
700 1243 923 1306 Hermiones
944 1247 1112 1320 reponeret.
1155 1241 1228 1303 Non
1240 1239 1308 1299 Pro-

252 1330 366 1412 pertius
395 1346 451 1409 pro
476 1347 529 1405 ea,
555 1347 641 1409 qnam
668 1328 933 1408 incompositione
958 1325 1134 1408 pentametri
1161 1327 1217 1386 sibi
1242 1325 1309 1386 scri·

95 1398 97 1402 ’
202 1475 213 1488 ,.
251 1417 328 1498 psit,
350 1431 454 1476 norma
474 1414 526 1489 (de
547 1434 607 1495 qna
627 1415 666 1478 cl.
685 1415 764 1478 Sect.
784 1413 859 1494 lu),
881 1425 944 1475 curn
965 1413 1050 1474 initio
1072 1429 1175 1474 uersus
1193 1411 1308 1490 Sparta-

251 1519 324 1564 nae
346 1501 510 1582 posuisset,
532 1518 628 1582 paene
647 1502 818 1563 necessario
841 1498 968 1561 debebat
989 1500 1020 1559 in
1045 1497 1103 1559 tine
1123 1497 1309 1558 Hermionae

251 1586 363 1650 dicere.
407 1587 473 1663 Quo
495 1586 589 1661 lactc,
610 1605 648 1649 ue
669 1589 788 1649 nomina
808 1586 932 1649 inricem
954 1584 1012 1645 sibi
1037 1583 1246 1664 respondentia
1269 1584 1309 1643 in-

252 1681 300 1737 ter
325 1690 359 1735 se
386 1671 606 1753 discreparent,
633 1673 664 1734 in
693 1673 849 1755 superiore
875 1687 993 1751 quoqne
1014 1687 1104 1732 uersu
1125 1670 1309 1750 Antiopae

252 1775 313 1822 uon
332 1760 517 1839 Antiopes
544 1757 729 1822 scribendum
752 1767 827 1821 crat.
869 1756 982 1818 Contra
1009 1755 1060 1816 nbi
1088 1755 1192 1817 talium
1214 1773 1310 1816 causa·

252 1864 317 1908 rum
338 1844 422 1906 nulla
443 1843 544 1918 adest,
567 1846 676 1926 ubique
698 1844 821 1907 Graecis
842 1841 1094 1922 acquiescendum.
1136 1841 1239 1922 Neque
1259 1841 1310 1918 igi-

251 1938 422 1994 tur-eorum
444 1932 615 1992 coniectura
637 1931 800 2012 probatur,
826 1947 885 2008 qna
912 1929 974 2002 ΙΙΙ,
998 1933 1054 2004 22,
1075 1930 1121 1989 3.:
1152 1927 1310 2006 Cybelae

251 2017 382 2096 genitivo
405 2033 477 2078 casu
503 2015 645 2092 elicitum
668 2034 724 2078 nec
745 2016 791 2091 ΙΙ,
815 2019 873 2090 26,
894 2018 964 2077 48.;
990 2013 1140 2074 Lernae
1167 2013 1252 2094 palus
1273 2048 1310 2058 -

133 2106 139 2121 ‘
251 2100 306 2165 sed
334 2101 491 2163 secundnm
522 2103 617 2164 libros
643 2103 766 2176 herne
795 2101 882 2182 palus
911 2117 967 2181 per
993 2101 1212 2180 appositionem
1238 2099 1311 2160 acci-

250 2186 389 2268 piendum
417 2197 470 2251 cst.
519 2186 784 2251 Andromedae
815 2195 931 2261 autem,
959 2185 1038 2265 quod
1070 2186 1203 2247 omnihus
1232 2185 1310 2246 libris

212 2356 214 2360 .
250 2281 361 2336 certum
382 2281 449 2346 stat,
469 2274 694 2336 abachmauno
714 2271 781 2352 (ΙΙΙ,
796 2277 847 2346 22,
863 2275 914 2335 29.
937 2271 993 2334 Ed.
1005 2272 1104 2352 Lips.:
1124 2270 1176 2347 IV,
1189 2277 1238 2347 22,
1251 2269 1310 2350 29.)

250 2375 309 2421 nou
342 2359 548 2438 genitivus
583 2369 627 2423 est
658 2359 711 2422 sed
743 2359 918 2431 dativus,
950 2358 1078 2437 itemque
1108 2357 1311 2431 Alcmenae

249 2443 297 2518 ΙΙ,
321 2449 379 2518 22,
403 2445 453 2508 25.
498 2446 611 2522 Quibus
640 2444 772 2508 omnibus
801 2443 956 2524 perpensis
985 2445 1015 2504 in
1043 2459 1101 2504 uno
1128 2453 1218 2525 atque
1242 2444 1311 2515 solo,

251 2527 331 2612 quod
354 2539 505 2610 superest,
528 2531 662 2611 exemplo
685 2533 730 2606 ΙΙ,
754 2536 811 2605 22,
834 2535 900 2606 31„
923 2529 974 2592 nbi
996 2529 1079 2590 nulla
1098 2528 1210 2592 idonea
1229 2547 1312 2591 causa

249 2614 540 2679 Andromachae
570 2617 698 2696 legitur,
727 2619 799 2696 quin
827 2615 942 2696 aliquid
967 2633 985 2682 a
1007 2616 1139 2676 librariis
1170 2618 1312 2679 turbatum

250 2702 290 2765 sit
311 2718 370 2763 nou
393 2701 575 2779 dubitamus,
604 2706 780 2785 praesertim
803 2719 866 2762 curn
887 2699 1061 2781 Propertius
1084 2703 1313 2763 verbumsnr·

249 2805 344 2867 gere
369 2805 517 2869 nurnqnam
539 2807 602 2850 cnm
624 2790 689 2852 solo
713 2789 843 2851 ablativo
865 2789 1027 2864 coniungat
1049 2787 1102 2865 (cl.
1124 2785 1171 2862 ΙΙ,
1196 2789 1243 2861 15,
1266 2789 1311 2850 14.

249 2878 308 2948 26,
330 2877 382 2936 24.
407 2879 463 2949 ltl,
487 2875 563 2952 ll.).
605 2877 710 2956 Itaque
731 2873 877 2936 facillima
906 2873 1066 2934 mutatione
1095 2875 1311 2955 rescripsimus:

246 2959 535 3023 Andromachae
559 2979 575 3022 e
596 2961 708 3024 lecto.
754 2961 889 3022 Getarum
910 2961 940 3019 in
963 2958 1093 3020 ablativo
1117 2977 1233 3040 semper
1254 2959 1312 3021 La·
1384 3027 1385 3040 ἶ

246 3045 311 3108 tina
330 3045 427 3106 icrma
449 3065 517 3134 nsns
541 3055 599 3109 est:
623 3049 788 3120 Helena,
812 3044 1259 3118 Semelanndromela„

350 3132 395 3193 De
413 3132 591 3206 masculinis,
613 3150 736 3212 quornm
756 3132 918 3212 praecipue
941 3132 1126 3193 accusativus
1147 3131 1312 3209 ambigitur,

252 3214 343 3277 multo
367 3215 517 3278 difficilius
541 3229 586 3281 est
607 3229 716 3280 certum
738 3216 850 3297 aliquid
875 3217 1063 3278 constituere.
1107 3218 1181 3280 Nam
1204 3218 1313 3279 littera-

247 3319 312 3362 rum
333 3317 358 3363 rt
384 3312 414 3364 et
440 3319 474 3364 rra
501 3312 534 3366 ut
563 3321 617 3384 per
644 3323 677 3365 se
699 3305 825 3365 maxima
847 3301 1022 3376 similitudo,
1049 3303 1092 3365 ita
1115 3302 1313 3383 compendium

247 3396 293 3449 est
306 3387 511 3467 promiscuum.
555 3390 658 3470 Neque
672 3398 777 3464 tannen,
794 3391 924 3468 quamvis
939 3386 1059 3465 Hylan
1074 3388 1134 3468 (El.
1147 3390 1171 3464 Ι,
1186 3394 1237 3452 20.
1251 3386 1311 3464 hu.)

245 3483 339 3535 tutum
360 3473 511 3536 codicibus
534 3492 599 3537 esse
620 3475 765 3550 uideatur,
784 3474 897 3536 idcirco
915 3476 1092 3548 Aeneam,
1115 3475 1312 3546 Philotam,
1384 3467 1385 3536 ἶ

245 3557 405 3622 Boream
437 3561 616 3623 mutaverim.
666 3561 798 3624 Alterius
821 3560 981 3622 accrrsativi
1010 3561 1039 3620 in
1067 3575 1110 3622 err
1139 3559 1242 3624 cadem
1271 3566 1313 3621 est

243 3643 453 3709 inconstantia.
496 3646 611 3708 Etenim
634 3664 697 3708 cunr
719 3646 946 3727 Euphraten
975 3645 1045 3722 (IV,
1065 3650 1102 3720 6,
1124 3647 1192 3728 84.)
1215 3661 1312 3710 uersus
1384 3643 1385 3684 l

243 3739 379 3808 tueatur,
409 3744 508 3796 tamen
527 3733 587 3807 ΙΙΙ,
612 3737 667 3809 ll,
690 3735 758 3795 25.:
780 3733 1016 3812 Euphratem
1037 3732 1160 3811 legitur.
1205 3733 1312 3795 Contra
1384 3775 1385 3796 .

131 3847 134 3852 v
244 3825 341 3890 recte,
375 3827 406 3879 nt
433 3835 568 3897 semper,
602 3817 749 3880 Persen
782 3827 810 3882 et
845 3818 1047 3898 patronymica
1074 3819 1309 3890 Aesoniden,
1384 3817 1385 3864 l

245 3901 463 3976 Ixioniden,
485 3904 774 3968 Menoetiaden.
818 3904 930 3980 Quibus
960 3905 1046 3966 etiarn
1069 3916 1174 3966 clinica
1196 3905 1311 3968 codices
1384 3949 1385 3956 .

243 3986 402 4050 Alciden
431 3989 501 4064 (IV,
530 3993 566 4064 9,
593 3990 660 4067 38.)
689 3989 854 4052 addendum
885 3990 990 4052 sentio.
1041 3991 1188 4054 Ulixem
1217 3999 1311 4052 antem

190 4077 193 4082 '
244 4071 297 4152 (ΙΙ,
319 4077 349 4148 9,
365 4079 395 4138 7.
419 4079 470 4149 26,
486 4079 537 4138 37.
560 4075 656 4137 altero
678 4077 746 4138 loco
769 4071 1007 4149 a'Lachmannc,
1026 4078 1121 4138 altero
1145 4078 1182 4137 ab
1204 4077 1311 4138 Iacobo

243 4157 370 4221 licenter
392 4163 516 4247 mutato)
540 4169 569 4222 et
591 4162 783 4224 Achillem
805 4174 927 4242 praeter
952 4161 1084 4224 cndichm
1111 4163 1311 4224 anctoritatem

215 4262 313 4305 susus
342 4263 461 4325 qnoque
490 4247 580 4325 vrrlgo
609 4259 763 4328 receptus,
794 4267 830 4310 ne
860 4257 1032 4326 tangamus,
1063 4247 1231 4325 persuadet.
1278 4245 1311 4306 ln

240 4331 423 4398 nominativo
445 4332 510 4395 lere
533 4351 650 4415 semper
672 4335 787 4398 Graeca
816 4334 984 4398 terminatio
1008 4333 1137 4412 obtinet,
1167 4330 1310 4415 siqnidem
