2834 4972
221 327 274 408 26
548 333 741 410 Quaestionum
757 337 841 406 Liber
859 337 969 409 priunur.

149 579 150 587 ,
222 515 272 598 gis
292 513 493 599 repugnanda
512 511 712 584 conmiseritt
752 511 867 579 Eodem
890 512 1022 577 fumasse
1044 511 1175 595 pertinet
1194 509 1243 596 El.
1266 511 1292 590 l,

124 645 128 659 .
225 607 293 679 15„
322 621 382 684 qua
407 599 554 684 perfidiae
579 600 753 682 Propertius
781 601 904 664 amicam
931 601 1046 679 arguit,
1074 598 1154 684 quod
1182 617 1293 679 magno

221 689 358 772 periculo
380 697 496 769 raptum
524 704 558 750 se
584 703 645 749 non
670 696 879 766 conqueratur.
923 686 1063 764 Quamuis
1091 687 1183 763 enim,
1211 685 1293 767 quod

221 773 300 838 illud
326 773 490 856 periculum
518 773 625 849 luerit,
654 770 773 836 disertis
799 772 900 836 uerbis
928 789 988 834 uon
1016 770 1115 848 dicat,
1146 770 1293 852 calypsus

220 869 318 924 tamen
341 861 385 934 (u
396 863 442 937 9.)
463 868 492 922 ct
504 857 683 940 Hypsipylae
706 858 841 939 exempla
864 859 905 933 (ι.
920 861 969 922 ll.
984 860 1055 940 sq),
1076 875 1155 939 qnae
1175 859 1293 920 maritis

220 964 276 1030 per
302 945 398 1008 maria
422 944 566 1028 protectIs
593 944 703 1007 amoris
727 944 844 1026 pristini
871 961 1057 1026 nequaquam
1083 944 1197 1008 oblitae
1223 945 1293 1022 sint,

221 1031 261 1096 de
281 1024 388 1095 itinere
410 1032 548 1113 quopiam
568 1030 645 1093 lunc
666 1031 763 1092 lucum
783 1029 1006 1111 intelligendum
1028 1047 1110 1106 csse,
1133 1029 1215 1112 quod
1234 1047 1293 1111 per

218 1117 399 1199 longinquas
426 1127 524 1180 terras
552 1124 643 1197 poeta
671 1116 805 1180 facturus
837 1117 946 1192 luerit,
973 1117 1163 1199 persuadent.
1213 1117 1291 1181 Nam
1382 1113 1386 1124 ‘

223 1213 322 1275 autern
348 1202 388 1268 ad
414 1202 493 1267 idem
519 1203 577 1266 doe
604 1211 717 1284 tempus
742 1201 880 1280 carminis
901 1202 957 1278 lll,
979 1207 1031 1266 21.
1058 1203 1182 1286 scriptio
1209 1203 1292 1265 rele-

224 1290 321 1354 renda
349 1290 405 1367 sit,
433 1298 467 1352 ut
492 1288 634 1352 Paldanto
662 1289 763 1371 placet
790 1289 899 1372 (Epist.
926 1288 1113 1353 dedicatoria
1140 1290 1172 1351 in
1198 1289 1291 1369 Prop.

223 1395 254 1458 p.
278 1375 383 1457 VIII),
405 1393 465 1438 uon
486 1375 577 1439 facile
599 1373 721 1439 dixeris.
763 1375 828 1440 lloe
850 1375 954 1439 saltem
976 1375 1202 1451 affirmaverim,
1223 1391 1294 1438 mox

223 1462 342 1527 consilii
367 1464 473 1524 iterum
499 1470 618 1544 poetam
643 1461 827 1543 poenituisse
853 1478 908 1525 nec
934 1465 1015 1526 certe
1041 1461 1175 1542 longius,
1202 1479 1292 1541 quarn

221 1548 252 1611 iu
273 1548 423 1628 IllprIoum
448 1564 641 1630 progressum
662 1546 777 1610 ltalimn
801 1549 968 1629 repetiisse.
1011 1547 1103 1612 Nulla
1132 1548 1212 1610 enim·
1229 1565 1293 1608 nra-

218 1635 294 1697 ioris
322 1633 437 1697 itineris
466 1634 595 1712 uestigia
623 1634 654 1694 in
681 1632 745 1695 ullo
774 1635 952 1716 posterioris
986 1635 1127 1714 temporis
1159 1635 1289 1696 carmine

218 1720 385 1798 inueneris,
410 1717 507 1800 quod,
528 1720 554 1780 si
576 1737 684 1782 reuera
704 1716 774 1782 loen
794 1719 940 1784 Graeciae
963 1729 993 1784 et
1013 1721 1104 1783 Asiae
1124 1727 1291 1790 tautame-

219 1806 317 1870 moria
340 1805 471 1884 insignia
498 1803 639 1883 adiisset,
666 1821 726 1868 non
754 1805 842 1868 modo
869 1807 973 1868 ruirunr
1001 1815 1290 1884 assequeremur

218 1892 348 1973 cogitari
374 1889 492 1973 quidem
517 1900 637 1972 posset,
667 1908 706 1954 ne
734 1889 771 1954 de
795 1891 914 1956 ratione
938 1893 1080 1974 temporIs
1108 1890 1219 1967 dicam,
1252 1891 1290 1954 de

221 1975 472 2062 quotidiam
499 1977 567 2042 Lib.
589 1978 644 2041 111.
668 1976 742 2060 (lap.
763 1976 815 2044 III.
861 1977 980 2042 Tullum
1008 1987 1106 2041 auteur
1133 1979 1164 2040 tu
1191 1978 1293 2042 Asiam

218 2064 402 2147 proiectum,
429 2072 587 2147 postquam
615 2082 736 2127 munere
763 2061 919 2128 defunctus
946 2074 1025 2128 esset
1050 2062 1192 2143 (annuum
1213 2065 1292 2129 eninr

218 2151 315 2212 solum
336 2165 437 2212 eorum
459 2151 682 2229 magistratuum
703 2150 858 2231 imperium
879 2151 987 2226 luisse,
1008 2153 1059 2233 qui
1080 2159 1198 2216 senatus
1216 2149 1292 2232 'pro-

217 2237 332 2298 cinctus
355 2235 610 2311 administrarent,
633 2237 691 2298 Dio
714 2236 802 2300 docet
822 2237 923 2312 (LIII,
946 2239 1044 2318 13.))‚
1065 2253 1148 2300 more
1169 2247 1292 2318 praeto-

217 2341 282 2386 rum
299 2323 466 2385 comitibus
493 2330 562 2386 tune
591 2322 680 2384 solito
706 2321 760 2402 (ci.
783 2322 893 2387 Catull.
913 2323 980 2406 45.)
1007 2324 1117 2387 diutius
1144 2324 1233 2386 etiam
1260 2325 1293 2386 in

216 2407 433 2492 perlustrandis
446 2409 538 2476 Asiae
559 2409 683 2471 urbibus
704 2418 912 2474 commoratum
933 2411 1101 2494 conplures
1122 2427 1216 2474 annos
1231 2409 1290 2492 (lp-

218 2495 276 2558 zici
299 2494 452 2558 delituisse
473 2495 521 2556 El.
542 2493 601 2568 Ill,
623 2499 680 2558 22.
696 2493 846 2558 docemur.

151 2645 154 2648 ,
320 2580 439 2643 Interim
466 2581 641 2662 Propertius
668 2580 748 2643 haud
775 2592 858 2646 certe
887 2575 952 2645 siue
978 2581 1062 2645 Tulli
1091 2581 1214 2662 eiusque
1239 2599 1294 2646 ue-

217 2666 427 2728 cessitudiuum
456 2685 514 2746 ope
537 2675 566 2730 et
586 2667 757 2730 Maecenati
785 2678 816 2732 et
843 2669 946 2750 paullo
972 2677 1042 2750 post
1061 2667 1196 2748 Augusto
1218 2685 1293 2748 gra-

218 2753 312 2815 tiosus
334 2754 429 2815 tectus
454 2761 507 2815 est.
551 2753 712 2816 Maecenas
734 2755 811 2817 eninr
832 2764 903 2835 post
926 2755 1015 2836 prinri
1038 2755 1110 2817 lilnri
1132 2753 1292 2818 editionem

218 2839 248 2899 in
271 2839 411 2901 salectam
432 2841 592 2902 anticorum
614 2840 766 2902 doctorum
794 2858 945 2902 numerum
972 2859 1036 2902 eum
1061 2838 1178 2903 uidetur
1205 2858 1292 2904 rece-

218 2925 310 3006 pisse,
333 2943 455 3006 quorum
476 2925 569 2989 tutela
593 2934 622 2988 et
642 2927 697 2988 otii
715 2935 852 3006 tempore
872 2926 1049 2989 iucundiora
1069 2927 1127 2988 sihi
1148 2924 1292 3004 reddidit,

187 3018 247 3072 .et
273 3029 378 3073 noman
408 3012 466 3074 sihi
494 3011 627 3073 condidit
657 3013 688 3073 in
710 3013 809 3074 omnia
831 3013 953 3075 saecula
977 3015 1133 3077 Musarum
1159 3013 1289 3076 fautoris

214 3097 310 3158 instar
326 3098 491 3160 valiturum.
535 3097 629 3162 liutius
645 3099 737 3177 igitur
752 3098 810 3160 uiri
830 3097 958 3161 adeundi
978 3101 1164 3162 occasionem
1182 3098 1289 3163 labens

214 3182 294 3245 laud
318 3183 405 3244 dulia
426 3182 601 3263 Propertius
623 3184 764 3265 arrIpuit,
785 3201 843 3246 non
865 3183 989 3248 sordida
1008 3185 1121 3267 peculii
1141 3201 1214 3248 cura
1235 3193 1290 3250 aut

212 3268 372 3350 praedioli,
392 3277 425 3330 ut
446 3268 562 3348 quidam
578 3269 689 3343 uolunt,
707 3268 858 3333 desiderio
873 3271 948 3352 (uld.
962 3271 1064 3334 Bortlr.
1076 3272 1136 3335 Vit.
1148 3269 1287 3354 Propert.

211 3374 241 3417 a.
264 3358 337 3418 713.
366 3372 396 3435 p.
418 3352 600 3432 LXXVII),
633 3355 687 3418 sed
716 3357 856 3437 quoniam
887 3358 1043 3442 ingenioso
1072 3358 1183 3420 homini
1210 3357 1286 3420 nilil

211 3441 328 3519 gratius
351 3447 411 3515 est,
441 3459 527 3521 quarn
549 3450 581 3503 ut
608 3441 716 3504 relicta
736 3441 895 3505 communis
916 3445 995 3507 ritae
1021 3443 1106 3504 faece
1132 3443 1211 3506 inter
1237 3442 1285 3504 sui

208 3527 326 3596 similes
349 3545 472 3588 versans
494 3527 581 3588 animi
604 3527 762 3591 facultates
782 3529 916 3610 quolibet
937 3529 1023 3592 modo
1040 3527 1172 3603 excolat,
1193 3545 1284 3608 prae·

212 3613 314 3674 sertim
336 3613 363 3673 si
386 3613 436 3692 qui
458 3621 559 3674 coctus
588 3623 647 3676 tarn
669 3613 797 3677 candida
823 3633 936 3678 morunt
964 3615 1119 3678 sanctitate
1145 3614 1286 3696 cultuque

213 3707 273 3760 tam
301 3699 428 3779 humano
457 3700 600 3775 excellat,
628 3719 711 3761 suum
732 3702 838 3781 cuique
865 3702 962 3764 locum
987 3699 1166 3777 concedens,
1196 3718 1284 3782 quarn

213 3801 290 3864 grex
318 3783 370 3846 illo
396 3786 591 3848 MaecenatIs.
635 3785 681 3849 Gi.
702 3787 777 3849 llor.
797 3787 861 3850 Sat.
884 3786 914 3860 1,
935 3791 974 3861 9,
995 3788 1047 3849 48.
1067 3805 1132 3867 sqq.
1175 3787 1285 3864 Quam-

215 3888 302 3950 quam
325 3869 353 3932 ei
375 3870 451 3931 hanc
477 3871 595 3932 laudern
622 3872 679 3933 hoc
708 3882 839 3954 tempore
868 3872 963 3933 extitit
993 3871 1044 3953 qui
1073 3874 1192 3953 cripere
1220 3880 1283 3935 stu·

216 3955 316 4032 deret,
347 3971 412 4017 cunt
440 3973 477 4018 ex
504 3958 620 4037 impuro
647 3957 906 4020 Pseudo-Donati
933 3956 1016 4020 tonte
1045 3959 1186 4022 couneus
1208 3958 1282 4037 (vit.
1414 3967 1415 3974 ³

213 4040 299 4119 Virg.
322 4041 349 4126 §.
370 4039 437 4120 67.)
459 4041 638 4106 HesIodeom
659 4043 734 4104 illud
757 4036 918 4127 κεραμεὺς
944 4044 1083 4128 κεραμεῖ
1108 4044 1206 4106 domui
1235 4043 1284 4105 lrie

213 4128 302 4190 malis
330 4126 529 4211 alienissimae
557 4128 708 4192 intrudere
731 4139 889 4192 conaretur
912 4129 1058 4204 (Paldam.
1083 4129 1128 4192 De
1152 4130 1285 4194 Eroticis

213 4212 327 4277 Rerum.
354 4231 386 4294 p.
413 4217 465 4277 to.
488 4213 575 4290 not).
630 4215 733 4296 Neque
765 4225 862 4278 tamen
889 4214 1064 4298 Propertius
1091 4216 1124 4276 in
1152 4217 1286 4280 induam

213 4317 279 4363 earn
296 4299 483 4363 Maecenatis
507 4300 741 4364 iamdiaritatem
760 4301 878 4364 uidetur
898 4311 1036 4384 receptus
1063 4319 1146 4378 esee,
1172 4319 1233 4384 qua
1253 4308 1286 4366 et
