2834 4972
332 391 336 398 1
384 313 473 384 Capul
489 313 512 367 l.
541 269 590 368 ¹De
607 311 694 382 patria
711 311 853 380 Properffi.
1177 303 1202 380 5

24 516 28 524 ’
128 497 158 552 et
187 485 314 570 bospitis
343 504 418 568 opas
448 487 539 552 semel
566 485 743 568 compilasse
773 503 832 548 uou
861 487 934 550 ratis
962 495 1055 561 esset,
1090 489 1197 554 iterum

128 573 234 636 eadem
263 575 385 654 repetiit
416 574 446 634 lu
474 574 603 653 epistola
630 574 675 636 De
702 572 909 648 uotaOtarii
937 590 1011 637 uoce
1039 582 1069 636 et
1095 577 1194 639 alicio

126 661 188 742 ipsi
207 659 333 723 Alberto
355 661 514 740 iuscripta,
542 659 623 722 edita
647 676 719 721 tero
741 658 872 721 venetiis
894 662 988 723 1781.
1015 663 1046 723 4.
1097 661 1194 724 Multo

126 755 228 809 autem
249 746 344 824 magis
366 745 555 822 admiramur,
576 742 656 826 quod
678 753 707 806 et
727 743 986 808 Lachmauuus
1008 745 1070 825 (ap.
1092 747 1194 811 Iacob.

123 833 164 894 ad
189 832 329 912 Propert.
349 831 374 897 V
395 831 480 907 (tv),
503 833 537 905 l,
561 833 648 906 125.)
679 839 708 891 et
734 828 931 892 P'aldamus
958 833 1002 906 (iu
1029 831 1133 894 libello
1157 833 1195 896 de

122 918 259 981 Eroticis
273 917 423 980 Romanis.
438 917 598 996 Grypbisu.
616 918 709 979 1833.
723 933 752 995 p.
766 918 832 992 59.)
847 918 910 976 eius
934 920 1113 996 argumentis
1134 927 1195 982 tam

123 1005 230 1085 parati
258 1011 418 1066 cesserunt.
461 1003 536 1066 Natu
562 1000 802 1063 hallucinantium
831 1002 934 1081 quales
962 1012 1004 1066 tot
1031 1002 1087 1064 illa
1109 1015 1192 1067 aetas

124 1090 197 1154 tulit
225 1089 369 1152 Italorum
389 1089 465 1150 bunc
492 1104 610 1168 quoque
630 1104 717 1148 uuum
739 1085 847 1162 luisse,
876 1091 1007 1168 quamtis
1032 1087 1195 1155 doctiorem
1270 1135 1271 1138 ,

123 1193 199 1237 saue
228 1175 337 1238 ceteris
372 1191 427 1236 neo
454 1191 525 1237 raro
555 1173 627 1235 satis
655 1180 787 1247 acutum,
815 1173 874 1234 iam
908 1175 1101 1238 circulatoria
1129 1177 1192 1238 eius

121 1259 226 1325 libelli
251 1260 434 1342 loquacitas,
461 1279 520 1342 qua
542 1258 661 1320 easdem
686 1275 736 1319 res
764 1265 811 1320 ter
840 1268 1003 1340 quaterque
1028 1277 1194 1342 recoquere

123 1363 185 1410 mou
215 1357 354 1422 teretur,
389 1344 461 1408 satis
495 1345 591 1426 potuit
627 1343 794 1408 declarare.
848 1345 972 1408 Accedit
1002 1357 1118 1427 promta
1153 1348 1194 1428 ad

123 1429 283 1516 quodlibet
299 1449 420 1513 pugnae
438 1448 531 1510 genus
552 1430 668 1505 leuitas,
686 1447 773 1509 quum
789 1425 874 1492 modo
896 1431 981 1510 buius
1003 1431 1090 1494 modo
1112 1433 1194 1496 illius

123 1520 304 1600 scripturae,
324 1526 356 1581 ut
377 1535 513 1597 quaeque
532 1535 604 1579 strae
625 1516 786 1579 sententiae
800 1517 923 1577 mamma
939 1517 1195 1596 lateretideatur,

124 1623 249 1667 causam
275 1604 434 1684 suscipiat,
463 1621 517 1666 uec
542 1602 610 1664 dum
639 1601 763 1664 alte-rum
789 1601 991 1666 aduersarium
1016 1613 1196 1682 prosternat,

123 1690 216 1753 alteri
236 1689 441 1772 praevaricari
461 1688 584 1752 dubitet.
626 1687 703 1751 ilinc
726 1687 813 1750 toties
835 1688 1017 1766 argumentis
1038 1688 1196 1753 refutatio-

122 1794 193 1840 aem
214 1779 314 1843 statim
333 1774 477 1849 adnectit,
498 1776 581 1836 cuius
600 1773 721 1852 generis
741 1772 904 1854 exemplum
924 1775 1036 1849 mobile,
1057 1777 1196 1856 quoniam

123 1880 212 1924 rarus
236 1862 332 1926 estin
353 1861 398 1922 bis
420 1860 482 1922 oris
501 1859 596 1935 liber,
617 1858 697 1922 inira
712 1859 888 1922 subiecimus
901 1859 940 1941 *).
981 1858 1043 1936 Sed
1064 1864 1196 1941 quamtis

125 1948 297 2012 rationibus
324 1943 498 2027 quibusdam
526 1946 571 2010 ita
598 1944 733 2008 ridiculis
755 1952 868 2020 utetur,
892 1954 925 2009 ut
951 1945 1097 2008 interdum
1125 1948 1195 2010 ioco

123 2034 246 2105 srmone
277 2041 350 2112 agat
381 2031 497 2095 dubites
527 2030 581 2106 (cl.
606 2030 655 2096 uel
685 2028 725 2094 atl
752 2029 800 2094 El.
822 2029 865 2107 11,
894 2033 952 2106 ³4,
980 2032 1066 2110 56),
1097 2041 1196 2097 tamen

125 2119 206 2202 quod
230 2127 261 2184 et
281 2119 392 2201 primus
413 2125 581 2181 accuratam
603 2117 696 2179 omnis
724 2115 787 2178 eius
809 2117 944 2197 regionis
967 2117 1196 2199 descriptionem

127 2205 226 2282 dedit,
253 2213 286 2270 et
313 2221 401 2285 quum
429 2203 528 2266 omnia
561 2219 753 2284 quaeeunque
780 2201 848 2264 sibi'
864 2202 974 2284 opponi
1000 2204 1115 2287 possint
1145 2225 1196 2270 ar·
1306 2239 1307 2242 π

125 2299 268 2371 gumenta
289 2291 409 2354 eleuare
429 2287 562 2366 studeat,
582 2287 760 2370 imprudenti
782 2287 936 2352 doctrinae
958 2289 1119 2354 iactatione
1140 2310 1195 2354 uo-

122 2378 191 2442 leus
212 2394 305 2458 saepe
324 2394 426 2442 terum
445 2373 564 2458 prodit,
585 2392 645 2438 mou
664 2375 727 2436 siue
747 2373 901 2439 commodo
922 2374 1050 2456 legetur.
1091 2377 1197 2459 Neque

123 2463 229 2530 bercle
252 2479 327 2544 ego,
349 2479 437 2544 quum
457 2469 568 2524 tautam
588 2461 667 2525 iuter
687 2469 806 2525 nostros
826 2461 959 2525 bomiues
980 2469 1136 2542 patronum
1157 2463 1197 2527 sit

123 2549 269 2631 adeptus,
298 2547 484 2613 destruendis
511 2547 595 2610 illias
622 2547 811 2628 opinionibus
836 2546 1034 2628 supersedere
1060 2549 1130 2610 mibi
1157 2548 1196 2610 li-

123 2653 196 2700 cere
224 2635 400 2700 existimati.
449 2635 633 2714 Quamquam
657 2629 726 2695 iude
751 2631 831 2696 baud
863 2631 953 2696 dubie
979 2633 1133 2716 inquisitio
1158 2635 1197 2699 sit

124 2721 289 2798 ordienda,
315 2730 348 2784 ut
369 2720 520 2803 Propertii
546 2719 648 2794 locos,
675 2719 781 2800 quibus
808 2719 873 2799 ipse
895 2721 1015 2801 patriae
1042 2738 1114 2783 suae
1132 2738 1197 2782 me·
1236 2731 1237 2734 ’

123 2809 239 2885 minit,=
252 2825 317 2870 cum
338 2825 410 2870 tera
431 2825 532 2870 earum
554 2806 709 2884 regionum
727 2812 834 2867 natura
854 2813 884 2868 et
905 2806 964 2867 situ
985 2823 1197 2888 comparamus.

123 2895 216 2974 Atqui
238 2894 363 2975 priunum
383 2891 437 2954 ille
460 2910 498 2956 ex
519 2910 556 2956 ea
575 2891 716 2958 Umbriae
740 2898 826 2971 parte
852 2890 1007 2953 oriundum
1029 2908 1063 2955 se
1085 2901 1198 2970 ramat,

125 2997 205 3060 quae
228 2979 315 3042 loeo
337 2976 438 3042 edito
461 2981 593 3062 posita
613 2973 788 3060 proxiuta
809 2976 1012 3056 contingat
1031 2993 1197 3059 campum

123 3065 365 3130 Perusinum
415 3063 468 3128 Sic
499 3063 704 3139 errabit,
732 3067 792 3138 22,
816 3065 864 3126 tt:
889 3062 1071 3126 Proxima
1103 3083 1202 3146 sup··

124 3152 260 3233 posito
281 3150 625 3230 contingensllmbria
645 3165 772 3230 campo
794 3186 836 3206 -ε-
857 3165 904 3212 me
921 3150 1026 3229 genuit
1045 3179 1090 3196 -
1105 3148 1198 3212 iuter-

124 3237 317 3319 pretaudum,
336 3253 393 3300 uec
411 3239 612 3319 supposito
633 3253 690 3318 pro
712 3235 843 3299 ablafito
865 3234 961 3316 (quod
979 3234 1004 3298 Ι.
1021 3235 1197 3300 mvnera

122 3323 250 3403 mauult)
271 3321 324 3386 sed
346 3339 403 3404 pro
426 3321 527 3388 dativo
549 3339 658 3388 esoce
679 3319 857 3403 proxima
876 3320 1024 3402 pendente
1044 3323 1194 3405 aecipien-

123 3407 192 3472 dum
214 3427 281 3473 esse
301 3407 361 3472 duo
383 3409 494 3493 reliqui
513 3409 575 3476 loci
596 3409 667 3494 (tv,
686 3411 722 3488 1„
744 3408 798 3476 ot.
820 3416 851 3473 et
871 3405 961 3490 125.)
981 3407 1106 3492 ducat,
1130 3408 1196 3493 qui-

122 3542 429 3560 m

190 3605 219 3680 *J
240 3612 272 3663 P.
289 3617 348 3666 111.
365 3614 392 3664 Ε
405 3627 455 3680 per
476 3611 562 3667 ceritis
578 3614 649 3669 sesi
670 3611 785 3678 rittelta,
807 3611 852 3664 ebe
874 3611 945 3664 oona
966 3617 1046 3664 ousta
1068 3609 1194 3680 flauere,

123 3679 150 3731 dl
167 3682 211 3732 cui
226 3681 307 3746 perlit
326 3683 488 3748 Properando,
513 3685 577 3736 unzi
596 3684 625 3735 c'u
643 3689 714 3734 tutto
731 3682 760 3732 lu
776 3682 845 3734 colle
861 3680 1008 3748 spedoteno
1026 3707 1063 3719 -
1078 3695 1143 3731 ooo
1165 3682 1211 3747 si¹

123 3749 206 3800 orde
229 3751 309 3813 lupo
330 3751 358 3801 di
381 3747 453 3802 sorte
471 3751 582 3820 alcaeo,
600 3757 671 3804 tosto
686 3765 720 3801 ue
735 3749 821 3817 sicque
839 3749 867 3800 di
890 3762 954 3799 aaa
971 3763 1052 3800 coer
1070 3749 1198 3815 piarumui

123 3823 246 3882 petuto
271 3819 434 3870 scrivere
456 3819 477 3870 ll
500 3819 646 3886 Properate
673 3819 774 3871 tucos
800 3816 925 3868 Umber.
967 3817 1000 3868 P.
1018 3822 1079 3874 129.
1099 3816 1196 3869 cuasa

123 3887 169 3950 pol
193 3887 311 3952 ptuccssc
332 3903 349 3936 a
366 3885 451 3938 toloni
473 3887 501 3940 dl
522 3889 623 3941 ritcner
643 3887 686 3940 uel
709 3902 786 3939 ocrea
810 3891 949 3937 arramato
975 3883 1070 3938 Paltro
1094 3887 1195 3936 lesione
1222 3942 1226 3954 .
1298 3883 1302 3909 '

124 3956 169 4018 pile
191 3955 301 4019 volgare
325 3969 373 4006 eoo
397 3956 510 4020 tepuere:
539 3955 785 4014 lucusvmber
806 3979 842 3992 -
869 3955 909 4005 cib
933 3969 998 4006 uon
1026 3956 1218 4024 incontra,

124 4037 218 4086 presso
241 4021 269 4072 dt
295 4037 335 4072 nte
360 4037 465 4089 peuce
489 4025 690 4090 difficultis.
729 4020 908 4076 L'lutdcrsotc
933 4021 963 4074 dt
985 4022 1026 4074 coi
1046 4025 1063 4073 b
1084 4018 1128 4084 rtu'
1146 4035 1197 4071 oco

124 4089 243 4142 discorso
260 4105 346 4154 pure
364 4108 381 4140 u
398 4105 460 4157 nte,
480 4091 524 4144 ebe
540 4089 612 4159 poss'
630 4091 710 4142 unebe
727 4093 991 4158 propriumcute
1008 4087 1198 4142 eblemursl

125 4155 210 4224 lopo.
245 4159 278 4209 P.
299 4163 357 4210 131.
381 4159 430 4208 Mu
455 4175 483 4210 se
508 4167 598 4227 questo
616 4161 669 4211 tulo
686 4161 804 4212 discorso
821 4175 874 4210 nou
894 4160 1012 4224 plcccsse
1030 4159 1065 4209 ad
1084 4170 1196 4222 oquuuo,

124 4228 259 4277 tcuterb
278 4225 311 4276 dt
329 4227 546 4293 suddissorlo
564 4229 592 4279 ln
606 4229 703 4291 alteo
719 4228 886 4283 munstero.
900 4225 1079 4296 -Sequitur
1090 4223 1198 4288 deinde,

123 4299 153 4346 ut
172 4295 225 4346 iam
244 4293 304 4362 ipsa
321 4294 483 4348 Clitumnum
500 4298 587 4350 lacum
606 4297 805 4365 iuterpretatur.
1248 4301 1250 4306 ’
