2806 4974
200 317 276 405 190
514 329 713 394 Quaestionum
725 331 811 394 Lihsr
826 331 970 394 massam.

336 499 476 573 Xpuicsoi
495 517 539 554 τοι
555 499 617 556 τότε
634 498 730 556 πάντα
745 505 873 570 θεμείλια
889 507 996 572 palasea
1015 503 1100 577 Δῆλε,

240 579 241 582 ’
335 571 462 641 Χρυσῷ
483 569 514 624 ot
531 568 683 643 τροχόεσσοι
701 569 862 641 πανήμερος
878 571 955 638 ἔρρεε
972 577 1066 645 λίμνη,

333 633 511 710 Χρύσειον
528 640 553 692 δ’
573 635 703 708 ἐκόμισσε
720 642 867 708 γενέθλιον
884 641 964 709 ἔρνος
980 641 1082 712 ἐλαίης,

334 709 464 776 Χρυσῷ
482 708 514 762 os
532 705 681 778 πλήμμυρε
698 705 788 775 βαθὺς
803 706 917 768 ’[νοιιιὸς
936 709 1064 780 ἑλιχθείς,

280 796 282 800 ’
331 773 408 844 Αὐτὴ
431 778 463 832 δὲ
477 778 654 848 χρυσέοιο
671 774 717 830 ἀπ’
738 769 835 835 οὔδεος
853 775 924 832 eihsa
941 778 1041 832 παῖιλα.

195 915 252 982 Gni
273 915 407 997 geminos
435 914 521 977 locos
544 912 618 976 duos
641 913 680 977 oi.
701 913 807 994 llpnn.
827 915 928 998 Apoll.
948 921 1000 980 32.
1028 923 1058 979 et
1083 913 1178 980 Dian:
1192 919 1277 996 llo,

195 1005 247 1067 nbi
272 1013 411 1084 tanquam
433 1002 543 1083 primas
569 991 679 1063 incudes
702 1019 959 1066 arsrenmnomnem
977 1002 1126 1083 Apollinis
1149 1011 1179 1066 et
1199 1005 1279 1067 Dia·

194 1109 252 1153 uae
281 1097 456 1170 apparatum
481 1095 628 1150 recenset.
673 1087 789 1166 eranto
818 1090 927 1152 rectius
946 1083 1181 1172 Propertius'iu
1201 1107 1275 1156 cor-

193 1179 345 1260 ruptorem
365 1175 450 1238 illum
470 1175 590 1262 generis
611 1174 730 1237 hnmani
750 1175 908 1238 iunectnsz·

331 1321 423 1372 Anco
444 1319 523 1386 palso
540 1315 618 1385 fides,
637 1333 723 1369 noro
742 1319 845 1369 uenalia
864 1319 935 1384 iarn,

365 1390 489 1441 Auram
505 1390 550 1440 ten
567 1389 700 1456 sequitur,
718 1403 781 1440 ιιιοα
798 1389 854 1439 sitm
871 1389 925 1454 lepe
942 1389 1039 1456 pudor.

192 1521 249 1594 ilio
271 1520 346 1582 enirn
367 1519 575 1602 repetitionem
594 1517 727 1599 postulat
748 1517 915 1598 argumenti
937 1520 1086 1598 grauitas,
1105 1519 1171 1584 illic
1190 1539 1271 1586 rana

194 1608 293 1680 omnia
312 1607 407 1670 uerba
435 1614 465 1668 et
492 1605 635 1686 splendor
664 1605 771 1668 inanis.
815 1605 941 1668 Talibus
962 1607 1057 1686 igitur
1084 1608 1111 1671 si
1136 1609 1270 1689 ineptam

191 1690 356 1764 insularum
377 1702 581 1774 terrarumque
603 1691 703 1770 fugam
724 1683 774 1772 (H.
788 1690 853 1754 Del.
869 1711 895 1756 u.
915 1693 1103 1774 70-190.)
1127 1705 1157 1759 et
1173 1696 1270 1774 Apol·

191 1783 262 1846 linis
288 1797 344 1861 per
365 1783 406 1842 to
428 1793 530 1841 uersus
558 1778 650 1840 uicies
677 1778 833 1860 quinquies
860 1780 1016 1858 repetitum
1045 1797 1151 1843 nomen
1179 1781 1268 1844 addi·

123 1891 124 1894 *
193 1867 274 1930 cieris
303 1863 354 1947 (ll.
375 1864 476 1946 Apoll.
501 1865 663 1942 l-to.),
693 1865 743 1926 uix
772 1873 834 1939 est,
864 1864 942 1946 quoni
970 1866 1132 1928 Lucienum
1161 1867 1269 1931 reclar-

193 1970 332 2034 guamns‚
363 1952 414 2031 qui
445 1949 481 2011 cle
510 1949 668 2012 scrihem'la
695 1951 822 2013 historia
843 1969 873 2031 p.
897 1955 985 2014 371.:
1019 1938 1099 2014 Οἷον
1122 1942 1205 2036 ὁρᾷς
1232 1945 1269 2016 τί

192 2035 249 2101 καὶ
269 2029 419 2120 Ὅμηρος
448 2024 495 2108 ὥς
522 2026 876 2120 μεγαλόφριονποιεῖ·
908 2035 1031 2099 καίτοιἱ
1048 2033 1191 2122 ποιητὴς
1218 2029 1266 2101 aiio

190 2121 347 2207 παραθεῖ
373 2116 430 2182 τὸν
461 2113 633 2184 Τάνταλον
660 2116 718 2182 καὶ
743 2114 800 2182 τὸν
825 2113 944 2196 Ἰξίονα
971 2117 1028 2184 καὶ
1058 2119 1178 2185 Τίτυον
1208 2117 1271 2188 uei

191 2204 269 2282 τοὺς
298 2195 429 2280 ἄλλους.
472 2199 516 2268 Εἰ
545 2201 582 2270 δὲ
603 2203 799 2291 Παρθένιος
828 2196 852 2290 ἢ
877 2198 1057 2316 Εὐφορίων
1085 2199 1109 2292 ἢ
1133 2205 1266 2272 Καλλί-

189 2313 296 2376 μαχος
317 2283 436 2374 ἔλεγον,
460 2287 582 2365 πόσοις
603 2283 643 2360 hh
667 2285 732 2356 οἴει
753 2286 791 2354 τὸ
811 2285 902 2376 ὕδωρ
925 2287 1003 2401 οἶχρι
1024 2288 1111 2378 πρὸς
1134 2290 1172 2357 τὸ
1195 2294 1266 2396 ρεῖ-

98 2383 99 2386 ’
189 2376 250 2454 λος
278 2375 338 2440 τοῦ
361 2371 535 2441 Ταντάλου
556 2369 693 2462 ἤνοιγονς
717 2365 789 2440 εἶτα
813 2373 935 2455 πόσοις
957 2376 997 2446 ἂν
1016 2371 1135 2456 Ἰξίονα
1155 2374 1267 2444 ἐκυλι-

192 2483 268 2548 σονς
301 2461 348 2527 Gi.
374 2464 458 2528 Suid.
487 2485 514 2529 n.
536 2457 751 2550 Σεβηριανός.
804 2465 865 2528 Sed
895 2469 966 2548 qnid
999 2468 1077 2529 istuc
1113 2476 1158 2530 est
1193 2469 1268 2532 rei?

122 2598 126 2616 ,
156 2615 160 2631 ,
189 2551 267 2617 Num
293 2555 544 2633 comparationem
564 2552 716 2632 Propertii
741 2559 770 2614 et
792 2552 968 2616 Callimachi
994 2554 1179 2616 instituentes
1204 2555 1267 2618 iam

188 2655 301 2721 paene,
330 2656 416 2718 quam
444 2657 503 2700 uon
525 2639 584 2701 siut
610 2638 740 2713 similes,
761 2637 965 2703 demonstrare
988 2639 1066 2703 nelle
1087 2638 1268 2706 uideamur?

189 2727 236 2786 Au
258 2724 406 2787 mendacii
434 2743 516 2787 reum
536 2732 667 2804 'agentes
689 2734 808 2806 poetam
829 2727 984 2804 Umbrum,
1011 2729 1171 2805 magistros
1198 2730 1266 2808 qui-

189 2810 245 2875 hus
267 2812 332 2893 ipsc
353 2812 501 2891 gloriatur
520 2813 612 2875 inuito
636 2812 820 2892 eripiamus?
864 2813 965 2888 Quid?
987 2830 1046 2874 nou
1069 2814 1164 2895 iniqui
1185 2813 1267 2875 iudi-

190 2913 240 2960 ocs
268 2899 359 2960 risum
385 2897 579 2978 prudentibus
610 2897 720 2961 debere
740 2894 889 2974 villamur,
917 2917 981 2961 cum
1004 2900 1129 2962 adversa
1151 2899 1265 2962 hahea-

189 3001 254 3047 mus
283 2993 327 3047 tot
357 2994 387 3046 et
414 2994 496 3046 tanta
524 2983 707 3065 antiquitatis
734 2986 927 3048 testimonia?
977 2987 1051 3049 Nam
1079 2995 1111 3047 nt
1138 2987 1265 3047 circum-

89 3079 98 3094 *
187 3079 319 3152 spectum
341 3070 475 3150 inprimis
499 3079 527 3131 et
549 3089 647 3132 acrem
669 3071 786 3152 pulchri
812 3072 1028 3134 aestimatorem
1053 3071 1267 3147 Qurintilianuur

187 3156 359 3230 audiamus,
381 3158 429 3218 hic
450 3157 521 3220 lust.
535 3157 587 3220 Or.
608 3156 648 3232 X,
671 3161 699 3230 l,
721 3158 788 3220 58.:
810 3158 954 3233 ,‚Tunc“‚
977 3161 1035 3230 ait,
1057 3168 1112 3232 „et
1134 3159 1265 3259 elegiam

186 3243 316 3306 nacahit‘
333 3243 363 3302 in
385 3260 488 3304 manus
510 3261 642 3317 sumere,
665 3243 748 3304 cuius
770 3245 958 3326 princeps
981 3245 1108 3306 hahetur
1130 3245 1263 3307 Callu-

76 3362 78 3372 ·
186 3328 360 3401 machns3
384 3328 527 3388 secundas
550 3328 737 3390 confessione
759 3329 952 3408 plurimorum
973 3331 1149 3393 Philetas
1174 3349 1265 3392 occu-

187 3413 305 3495 pauit“‚
338 3421 368 3476 ct
398 3415 592 3475 assentientes
621 3415 712 3476 hahet
747 3425 879 3491 veteres,
916 3426 1060 3497 quotquot
1096 3417 1265 3495 elegiarum

187 3508 327 3564 auctores
350 3508 632 3574 commemorarunt,
654 3518 770 3578 omues,
797 3502 942 3581 siquidem
964 3505 1128 3583 ubicunqne
1150 3505 1266 3585 princi-

187 3601 242 3666 pes
266 3586 328 3647 eius
351 3585 469 3664 generis
491 3595 700 3662 recensentur,
726 3606 875 3667 nunqnam
899 3591 954 3651 hos
982 3588 1150 3650 dorsumoiros
1173 3592 1265 3651 omis-

189 3687 241 3734 sos
264 3689 329 3733 esse
351 3670 456 3749 uideo,
485 3689 549 3733 cum
577 3681 673 3738 tamen
697 3681 727 3736 et
752 3673 931 3736 Gallin'us
960 3684 989 3738 et
1010 3677 1282 3754 Mimnermus¹

186 3757 276 3838 primi
306 3757 422 3836 elegiae
456 3759 642 3842 conditores,
677 3768 706 3822 et
735 3760 786 3840 qui
819 3761 994 3823 florentibus
1022 3761 1111 3824 rebus
1138 3761 1262 3824 Graecis

186 3845 378 3924 scripserunt,
399 3845 518 3925 saepius
539 3853 704 3908 taceantur.
748 3846 889 3926 Plerique
904 3865 977 3910 vero
992 3845 1173 3910 Callimacho
1196 3849 1262 3930 pri·

185 3945 249 3996 mas
271 3929 390 3992 deterre
412 3930 490 3993 ultro
510 3940 612 4013 partes
634 3950 692 3994 non
716 3930 860 3994 dubitant.
904 3935 979 3996 Nam
1002 3934 1124 3998 Ovidius
1142 3935 1261 3996 Amorr.

184 4014 245 4090 111,
264 4015 355 4080 ¹350:
384 4016 457 4090 „Sit
478 4019 569 4094 tibi“,
598 4019 709 4097 inquit,
731 4018 1010 4098 ,‚Gailimaehi,
1032 4021 1071 4084 sit
1092 4019 1161 4084 Coi
1187 4019 1262 4084 'stota

182 4108 291 4184 poetae
312 4104 437 4181 hlasa“,
459 4103 595 4185 idemque
617 4105 699 4168 Rem.
722 4108 787 4168 Am.
807 4124 835 4167 n.
861 4110 949 4170 ocu:

325 4239 575 4292 Callimachum
592 4213 690 4307 sopito,
712 4255 765 4291 nom
783 4246 822 4291 cst
840 4241 961 4292 inimicos
976 4240 1079 4307 Antoni,

353 4309 389 4360 Et
408 4323 466 4361 com
485 4309 753 4362 callimachum
771 4325 885 4378 quoqne,
906 4310 985 4380 Coe,
1001 4319 1079 4362 moces
1095 4320 1138 4362 -ῑ
