2822 4976
407 371 621 440 alteratam
640 372 703 440 ΕΙ..
724 373 771 455 ΙΙ,
795 375 824 442 1.

126 542 253 609 Navita
274 539 317 608 de
337 543 466 626 pehtis,
490 539 533 607 de
555 544 661 609 tauris
683 548 796 611 narrat
817 551 940 631 arator,

170 645 353 713 Euomeret
374 646 469 712 miles
491 645 648 730 vulnera,
671 653 785 732 pastor
807 667 902 733 oveS,

80 763 110 808 ra
127 751 199 815 Nos
222 755 337 816 contra
359 755 502 837 angusto
524 756 702 815 versantes
724 751 850 835 praelia
870 752 971 820 lecto:

171 851 246 932 Qua
268 858 344 938 pote
366 857 526 938 quisque,
547 854 581 918 in
604 870 646 918 ea
668 860 816 920 conterat
836 863 910 921 arte
931 855 1027 926 diem.

124 955 218 1022 Laus
239 957 273 1020 in
295 967 406 1042 amore
428 958 523 1019 mori:
546 953 621 1019 laus
643 954 766 1038 altera,
788 957 819 1021 si
843 955 939 1025 datur
961 963 1015 1028 uni

169 1057 278 1122 Posse
298 1059 378 1123 frui:
400 1058 491 1122 fruar
512 1076 531 1124 o
555 1056 648 1122 solus
671 1064 892 1136 amoremeol

125 1156 166 1226 Si
187 1163 335 1243 memini,
357 1161 443 1226 solet
462 1160 518 1225 illa
540 1153 634 1225 leves
659 1161 793 1246 culpare
816 1163 956 1250 puellas,

5 1327 7 1338 ,
80 1268 109 1314 Μ
169 1257 218 1327 Et
239 1268 340 1328 totam
363 1281 408 1328 ex
425 1263 555 1328 Helena
577 1281 641 1328 non
664 1263 780 1347 probat
801 1249 927 1332 lliada.

125 1359 197 1430 Seu
219 1362 297 1429 mihi
320 1371 396 1430 sunt
417 1362 587 1452 tangenda
607 1381 773 1430 novercae
795 1369 912 1450 pocula
932 1369 1118 1464 Phaedrae,

169 1465 291 1530 Pocula
313 1468 467 1555 privigno
489 1486 554 1533 non
575 1469 724 1533 nocitura
746 1487 818 1551 suo,

127 1565 201 1635 Seu
222 1568 300 1636 mihi
322 1569 461 1638 Circaeo
485 1569 685 1657 pereundum
707 1576 761 1636 est
782 1573 948 1660 gramine,
968 1578 1045 1647 sive

171 1665 303 1738 Colhhis
324 1671 509 1740 Colchiaois
531 1678 605 1738 urat
627 1691 712 1738 aena
732 1674 828 1757 focis,

81 1786 109 1832 ⁵⁵
126 1773 202 1840 Una
222 1794 314 1841 meos
339 1779 491 1860 quonlam
514 1773 674 1862 praedata
696 1781 751 1842 est
770 1777 894 1842 femina
915 1795 1049 1868 sensus,

169 1875 227 1943 Ex
248 1877 311 1944 hac
333 1878 491 1945 ducentur
512 1879 629 1946 lunera
650 1883 765 1944 nostra
785 1876 890 1944 domo.

128 1977 253 2046 Omnes
276 1980 436 2048 humanos
459 1989 558 2046 sonat
577 1978 741 2046 medicina
761 1977 908 2047 dolores:

150 2080 271 2149 ‘Solus
294 2102 385 2150 amor
406 2087 508 2151 morbi
529 2103 594 2150 non
615 2090 704 2150 amat
726 2084 893 2151 artificem.

124 2183 238 2249 Tarda
258 2183 461 2252 Philoctetae
482 2187 617 2252 sanavit
638 2197 733 2252 crura
753 2185 928 2271 Machaon,

82 2299 109 2342 ⁶⁰
170 2286 348 2354 Phoenicis
370 2287 492 2355 Chiron
513 2290 635 2355 lumina
655 2285 867 2373 Phillyrides,

127 2389 176 2458 Et
196 2390 279 2458 deus
302 2394 481 2458 extinctum
502 2391 638 2458 Cressis
660 2390 865 2477 Epidaurius
886 2391 999 2462 herbis
1066 2391 1084 2436 ⁴·

170 2497 333 2563 Restituit
353 2498 470 2583 patriis
491 2494 716 2582 Androgeona
737 2494 834 2576 focis,

129 2600 249 2687 lllysus
270 2609 306 2667 et
325 2601 511 2676 Haemonia
530 2601 662 2665 iuvenis
686 2615 751 2683 qua
772 2594 911 2682 cuspide
930 2599 1052 2670 vulnus

172 2705 352 2788 Senserat,
373 2703 437 2770 hac
456 2705 531 2788 ipsa
551 2697 688 2786 cuspide
711 2701 818 2764 sensit
840 2705 944 2784 opem.

84 2821 111 2865 ua
129 2807 202 2874 Hoc
224 2809 255 2872 si
277 2808 350 2892 quis
371 2808 485 2872 vitium
508 2805 627 2890 poterit
648 2800 727 2868 mihi
748 2801 897 2888 demere,
919 2803 1011 2872 solua
1101 2885 1102 2889 Ἰ
1199 2820 1200 2825 ’

170 2907 334 2974 Tantalea
355 2908 474 2993 poterit
496 2903 630 2971 tradere
653 2921 750 2990 poma
769 2921 883 2968 manu:

128 3011 228 3078 Dolia
249 3013 411 3098 virgineis
433 3007 520 3074 idem
541 3008 602 3074 ille
619 3008 799 3093 repleverit
824 3006 927 3090 urnis,

171 3115 225 3181 Ne
246 3119 363 3178 tenera
383 3110 522 3176 assidua
541 3109 626 3176 colla
646 3113 829 3196 graventur
850 3125 952 3193 aquaz

129 3216 220 3283 Idem
243 3215 409 3282 Caucasia
427 3213 538 3279 solvet
556 3211 598 3277 de
621 3227 703 3296 rupe
722 3209 909 3277 Promethei
1040 3283 1044 3304 Ι

86 3331 114 3376 w
166 3316 320 3386 ¹Brachia
342 3324 377 3385 et
397 3333 418 3383 a
440 3315 548 3384 medio
568 3321 704 3402 pectore
723 3314 824 3401 pellet
846 3330 952 3410 avem.

155 3511 199 3562 ta.
216 3505 311 3576 tauris]
330 3507 403 3560 bovis
421 3510 459 3566 H.
526 3509 571 3563 44.
588 3507 625 3560 Et
641 3509 763 3559 numerat
780 3503 828 3572 N.‚
847 3506 984 3556 emanarat
999 3517 1043 3571 pr.
1056 3501 1156 3563 mmo.

86 3597 131 3651 45.
156 3609 289 3647 versamus
311 3595 343 3646 P.
362 3609 407 3661 ra,
432 3597 568 3646 versantes
591 3594 625 3644 D.
643 3589 682 3647 H.
699 3591 739 3645 Μ.
820 3593 864 3643 46.
885 3604 945 3640 mea
962 3591 996 3642 D.
1014 3605 1038 3644 r.
1065 3597 1157 3644 conte·

87 3687 129 3735 ret
147 3684 185 3733 H.
253 3682 296 3732 47.
315 3695 369 3736 uno
388 3681 421 3730 G.
441 3680 478 3731 N.
496 3677 559 3734 Hh.
571 3679 602 3731 V.
621 3679 679 3729 laus
700 3674 725 3728 si
741 3675 819 3728 datur
836 3677 921 3728 altera
938 3673 997 3727 vivo
1018 3677 1052 3726 R.
1069 3681 1094 3726 et
1112 3691 1158 3728 oe·

87 3776 131 3820 tus
150 3765 233 3818 coclear
248 3766 279 3817 P.
298 3767 374 3818 Pero.
391 3765 425 3816 D.
443 3767 482 3818 ΙΙ.
500 3764 541 3814 Μ.
615 3763 659 3816 ta.
678 3777 694 3813 o
713 3777 764 3812 om.
781 3761 815 3814 D.
891 3762 933 3816 51.
951 3757 1005 3810 sint
1024 3761 1159 3825 tangenda

91 3855 125 3905 G.
137 3855 219 3918 aaa,
239 3855 301 3902 suut
317 3851 351 3906 D.
361 3853 398 3904 H.
409 3849 448 3903 Μ.
520 3851 564 3904 52.
581 3845 714 3914 privignio
731 3861 757 3897 r.
830 3845 872 3900 63.
892 3842 988 3897 circeio
1005 3859 1048 3910 pr.
1059 3844 1159 3903 m.Hh.

88 3935 229 4000 sanguine.
302 3936 346 3988 54.
375 3930 499 3985 cholchis
516 3931 555 3984 N.
629 3933 672 3986 57.
697 3927 792 3983 Omnis
819 3931 852 3984 G.
868 3934 905 3982 H.
947 3932 1024 3982 69.
1043 3929 1160 3996 philote-

45 4083 48 4096 ‚
88 4028 133 4074 tae
157 4022 191 4072 G.
209 4034 272 4072 eura
289 4037 332 4088 pr.
349 4036 384 4072 m.
402 4019 440 4075 N.
509 4022 552 4072 60.
572 4017 718 4085 phillirides
738 4018 793 4085 N.,
817 4015 962 4084 phylirides
983 4019 1031 4083 6.,
1054 4017 1161 4085 philirl·

89 4107 136 4160 des
156 4110 192 4162 R.
259 4112 303 4162 61.
321 4105 402 4159 cresis
423 4103 627 4173 G.R.Hh.u.,
646 4101 741 4156 crossia
762 4105 810 4171 D.‚
829 4102 925 4154 craecis
945 4103 982 4156 N.
1050 4107 1093 4156 62.
1112 4118 1162 4170 pa·
1270 4143 1272 4152 ,

89 4191 158 4244 truie
177 4193 230 4258 H.,
258 4191 361 4258 patrius
378 4190 432 4246 Hh.
451 4207 494 4257 pr.
512 4205 547 4243 m.
634 4194 677 4242 63.
695 4187 794 4241 Missus
812 4189 849 4243 Ν.
865 4187 900 4241 D.
918 4189 958 4240 Μ.
983 4187 1107 4250 hemonia
1123 4189 1160 4240 a.

90 4279 134 4334 66.
150 4276 238 4345 potuit
261 4278 295 4330 D.
314 4279 350 4329 R.
425 4281 469 4331 66.
488 4274 637 4329 Tauthalea
653 4271 708 4328 Hh.
783 4277 826 4326 67.
845 4271 893 4324 ille
911 4270 983 4323 idem
1004 4272 1036 4324 G.
1049 4272 1084 4326 D.
1108 4269 1161 4320 im·

90 4363 201 4430 pleverit
216 4365 261 4432 Μ,
278 4363 427 4431 repleverat
441 4365 479 4415 Η.
548 4365 592 4417 69.
610 4373 737 4414 caucasea
755 4361 787 4412 G.
800 4361 835 4416 lt.
847 4361 884 4414 Η.
903 4355 1074 4426 prometheus
1092 4357 1125 4410 G.

135 4450 173 4512 ΙΙ.
939 4447 958 4506 3
