2806 4974
260 372 335 454 162
574 385 768 447 Quaestionum
785 383 867 440 Liber
884 389 1026 448 secundus.

364 559 546 644 Saepissime
578 571 667 633 uero,
699 574 777 637 quse
811 545 984 630 ἀντίθεσις
1015 553 1149 634 vitietur,
1185 556 1253 620 solo
1283 565 1323 620 est

261 647 416 712 iirisio.
459 648 534 710 llam
557 645 584 706 ai
607 642 678 724 quid
701 643 731 704 iu
753 641 920 704 uniuersum
947 651 978 705 et
1003 645 1167 726 generatim
1193 645 1323 718 alirmes,

261 753 368 814 sagum
399 732 432 795 irl
464 733 596 806 ridetur,
631 745 685 791 neo
717 730 790 797 satis
825 727 1007 806 significuus.
1059 730 1163 812 ltaque
1198 732 1225 792 si
1253 730 1323 791 luae

261 823 379 884 omuino
401 835 457 882 neo
483 817 587 898 plures
609 814 742 878 eiusdem
766 816 886 893 generis
914 817 1029 895 species
1050 827 1133 892 sunt,
1159 817 1323 880 contrariae

259 908 335 983 sihi,
355 916 388 969 ut
409 912 652 978 cousentaneum,
673 909 703 965 et
726 901 897 982 oppositae:
918 911 1043 982 utraque
1064 905 1223 966 coniuncta
1241 911 1323 964 totum

159 1051 162 1064 ,
258 994 413 1056 nervosius
435 991 630 1071 amplectitur.
673 988 745 1050 Plus
773 989 849 1048 enirn
873 995 918 1048 est
946 991 1070 1050 omnia
1098 990 1216 1063 diuers,
1243 1005 1323 1068 quum

186 1097 191 1108 ·
259 1087 389 1144 totum.
432 1078 536 1156 ltaque
556 1091 612 1157 pro
635 1089 689 1134 eo:
711 1074 834 1148 „omni
856 1079 1024 1153 tempore
1047 1093 1113 1137 meo
1135 1078 1217 1138 erit“
1239 1073 1322 1136 multo

260 1165 363 1229 lrerele
384 1163 497 1226 alarius
521 1170 550 1224 et
572 1147 739 1222 efficacius:
762 1159 831 1220 Siue
860 1157 944 1221 dies
973 1178 1026 1222 seu
1052 1179 1123 1224 nox
1150 1162 1266 1223 uenerit
1285 1193 1322 1203 -

258 1252 314 1315 illa
342 1268 409 1312 mea
435 1256 489 1310 est.
539 1247 628 1309 Item:
655 1245 740 1306 lllius
770 1245 896 1306 arbitrio
925 1253 1139 1328 noctesque
1170 1242 1323 1326 diesque

257 1337 390 1412 uidebis,
411 1342 440 1397 et
462 1349 540 1414 quae
560 1340 628 1406 sunt
647 1331 710 1392 eius
731 1331 851 1409 generis
873 1331 1008 1413 exemplu
1029 1333 1152 1397 infinita.
1198 1334 1251 1396 Siu
1272 1349 1323 1393 una

258 1423 404 1486 diuisione
424 1438 473 1483 res
497 1419 591 1480 omnis
613 1433 671 1478 uou
694 1417 858 1497 expleatur,
878 1426 930 1479 aut
951 1420 1095 1500 repetitur
1115 1429 1145 1481 et
1166 1436 1223 1500 per
1244 1419 1323 1499 plura

257 1512 389 1574 membra
406 1504 532 1582 riuoitur,
550 1512 610 1580 aut,
627 1502 706 1585 quod
727 1503 817 1564 multo
834 1505 999 1579 nervosius,
1021 1513 1192 1567 extrema
1215 1521 1323 1586 quae-

258 1613 330 1676 que
351 1603 515 1678 ponuntur,
542 1599 590 1666 ut,
617 1589 756 1670 quonian
788 1589 913 1653 sotionis
944 1591 1073 1654 cuiusuis
1100 1592 1188 1654 initio
1219 1600 1249 1654 et
1274 1589 1323 1650 ius

251 1698 368 1745 summa
389 1679 570 1744 continetur:

838 1758 912 1810 solus
931 1765 1038 1812 muetos·

464 1829 521 1882 Nee
540 1830 592 1881 otto
607 1828 764 1896 desisto,
779 1841 827 1879 neo
843 1834 938 1879 temese
957 1829 1090 1896 tuos‘pio
1108 1853 1144 1866 -

251 1898 327 1972 ω’
381 2007 384 2012 .
468 1982 594 2034 urtsma
613 1981 678 2034 tatis
695 1983 763 2051 eut,
781 1995 849 2049 quae
864 1997 922 2034 Μ’·
940 1983 1049 2049 tm
1066 1981 1140 2046 Μ·

256 2101 405 2250 Ιιιιιιᾱιιῗῖ
435 2118 477 2164 ex
503 2117 563 2164 uno
596 2119 709 2183 genere
738 2101 968 2169 eminentissima
999 2119 1136 2184 quaeque
1173 2102 1323 2183 eliguntur,
1368 2190 1371 2198 1

260 2199 293 2252 ut
314 2208 376 2251 rur
404 2204 440 2250 o:
1064 2224 1066 2228 .

434 2301 560 2354 Victor
577 2301 762 2354 tumuistis
780 2302 882 2366 puriter
901 2300 1053 2353 miscebitur
1069 2302 1192 2369 ιιιιιιιιὶες

385 2373 389 2386 “
467 2369 578 2422 Consule
594 2387 652 2422 oum
668 2372 800 2438 Murio,
819 2377 894 2434 eapte
910 2370 1094 2440 lupurtltu,
1111 2374 1198 2426 sedes.

253 2483 372 2568 'Contra
385 2449 421 2546 'si
441 2485 516 2548 nihil
537 2482 679 2565 amplius,
702 2503 789 2566 quum
811 2481 884 2546 duas
904 2501 1048 2563 personas
1068 2484 1145 2548 idem
1166 2487 1267 2550 iuuere
1282 2484 1324 2547 rel
1374 2557 1375 2570 χ

259 2572 332 2672 (lupa
355 2589 406 2634 res
428 2571 530 2674 epten
553 2571 851 2670 morlo-comparatas
874 2588 940 2632 esso
960 2571 1162 2650 significatur,
1183 2575 1233 2639 uin
1256 2569 1321 2636 illul

259 2675 414 2740 qumquam
436 2657 610 2718 αντιῖιετον
631 2657 755 2731 (irruerit,
776 2665 808 2718 ut
827 2675 858 2718 ιιι
880 2656 951 2717 hoe:

399 2776 476 2826 liano
493 2774 546 2825 cluo
562 2773 656 2826 aectnli
674 2775 792 2840 fratres,
812 2773 952 2840 Aquilonia
967 2775 1066 2841 proles,

432 2845 526 2894 Hunc
543 2857 647 2909 super
663 2849 696 2894 et
713 2841 848 2910 Zetltes,
865 2841 948 2894 tune
965 2859 1072 2910 super
1090 2848 1121 2895 et
1140 2845 1258 2898 Gotuis

216 2944 218 2948 ’
252 2955 389 3029 atquae
411 2956 583 3026 sequuntur.

361 3031 473 3096 liorum
503 3043 601 3095 antem
633 3031 760 3095 omnium
789 3031 989 3113 exemplorum
1021 3033 1223 3114 ferruginem,
1253 3031 1321 3096 nula
1372 3047 1373 3129 p

260 3118 384 3198 singula
413 3129 537 3199 excepta
559 3118 595 3179 ud
618 3136 701 3178 suum
724 3118 863 3199 quodque
884 3120 980 3180 locum
1002 3119 1086 3182 facili
1109 3124 1232 3200 negotio
1253 3119 1323 3182 rele-

260 3223 328 3279 ras,
356 3206 386 3268 io
408 3195 568 3286 ἀναφορᾷ
590 3211 619 3264 et
642 3195 794 3286 ἒπιφορᾷ
816 3213 846 3266 et
872 3204 902 3265 iu
925 3207 1137 3284 compositione
1159 3204 1322 3288 pentametri

260 3289 473 3368 congessimus.
516 3290 601 3351 Nuuo
622 3289 795 3364 tumentis,
818 3307 895 3370 quae
918 3291 1005 3352 modo
1026 3295 1233 3364 recensuimus,
1256 3289 1322 3354 adde

259 3371 292 3452 Ῐ,
319 3378 380 3450 20,
406 3378 459 3438 27.
483 3375 535 3436 28.
567 3372 613 3449 lt,
649 3376 782 3450 21,19.
817 3376 876 3454 25,
902 3379 944 3440 tl
964 3381 1058 3443 -45.
1089 3381 1164 3462 (ter)
1194 3383 1251 3457 26,
1276 3377 1321 3439 34.
1370 3421 1371 3470 p

261 3463 320 3538 28,
341 3465 393 3524 42.
416 3459 467 3536 lv,
488 3460 524 3533 8,
546 3461 597 3545 ill.
618 3459 672 3523 52.

495 3626 568 3682 Seot.
584 3625 637 3684 111.
655 3615 715 3680 ⁴De
733 3628 873 3682 uerborum
891 3630 1106 3688 formationibus.

236 3779 239 3784 .
363 3727 447 3792 llaeo
473 3729 566 3809 igitur
586 3729 625 3791 orl
648 3733 783 3811 syntaxiu
806 3731 1042 3815 Propertianum.
1085 3738 1161 3802 Num
1183 3753 1257 3822 quae
1280 3747 1322 3795 rt·
1367 3659 1370 3798 4

261 3823 360 3889 stant,
380 3814 429 3876 uel
448 3818 572 3902 proprie
593 3817 641 3878 uel
663 3817 803 3879 audatius
826 3818 914 3896 diota,
937 3841 1001 3884 oum
1024 3823 1099 3885 nilril
1121 3825 1160 3887 arl
1181 3826 1321 3886 illustmr·
1368 3865 1369 3890 n

262 3901 329 3962 dum
360 3907 469 3980 poetae
497 3903 647 3982 ingenium
672 3904 804 3981 luoiaut,
836 3915 865 3968 ot
895 3908 934 3968 ab
964 3909 1033 3971 aliis
1059 3910 1108 3972 uel
1139 3912 1255 3992 saepius
1279 3898 1321 3967 rel

187 4035 191 4045 .
263 3985 366 4048 eadem
394 3985 516 4050 licentia
546 3987 603 4053 siut
635 3992 779 4070 expetita,
809 3992 958 4054 omisimus
988 3993 1026 4057 tle
1054 3995 1209 4060 industria.
1250 3990 1321 4055 Idem
1367 4063 1368 4066 ,

261 4071 344 4133 valet
369 4068 406 4133 de
433 4090 488 4133 usu
508 4075 665 4136 uerborum
693 4076 877 4155 singulorum
903 4084 1106 4158 grammatino.
1151 4081 1227 4162 Quid
1254 4075 1320 4139 euin

261 4156 321 4220 lroo
347 4154 386 4216 st
412 4156 542 4219 indolem
565 4159 740 4224 elocutionis
762 4162 997 4243 Propertiuuae,
1025 4167 1105 4248 quoi
1135 4170 1256 4232 nolum
1278 4156 1319 4221 El·

261 4241 312 4318 lv,
325 4245 356 4316 9,
368 4243 419 4304 tu.
439 4247 467 4318 l,
479 4247 531 4306 72.
550 4255 661 4323 genere
678 4249 839 4332 masculino
860 4250 959 4327 lauet,
980 4264 1031 4317 aut
1052 4254 1132 4334 quod
1149 4257 1186 4328 ll,
1201 4253 1249 4326 25,
1261 4247 1318 4310 4⁷³

261 4328 456 4406 insomnis
477 4329 588 4410 plurali
609 4350 734 4396 uumero
755 4351 812 4416 pro
834 4335 1025 4403 insomnia
1046 4340 1146 4420 (iem.)
1169 4339 1252 4412 dicit,
1276 4333 1318 4394 ⁸¹¹¹
