2822 4976
235 378 278 443 48
321 405 329 418 r
529 367 824 439 recreemur..
845 367 891 448 11,
915 365 965 435 13.

278 544 417 614 Hieme
438 538 673 629 tam‘gracilcs
695 537 802 604 vetuit
822 539 1029 602 contemnere
1046 535 1176 626 illusas,

309 650 427 716 'Iussit
450 653 484 712 et
505 646 689 712 Ascraeum
708 643 759 707 sic
780 638 931 707 habiture
951 656 1078 723 nemus,

249 756 356 820 aNon
378 758 414 817 ut
435 750 567 815 Pieriae
590 762 731 832 quercus
752 761 827 809 mea
844 743 950 809 verba
971 750 1162 830 sequuntur,

323 853 392 918 Aut
414 851 537 935 possim
559 844 698 912 Ismaria
720 842 842 910 ducere
863 842 953 911 volle
972 843 1076 925 leros,

282 953 354 1023 Sed
376 953 484 1039 mogis
503 957 543 1016 'ut
564 955 676 1015 nostro
693 946 853 1032 stupefiat
872 943 1015 1030 Cynthio
1035 963 1153 1012 versut

323 1055 415 1120 Tunc
437 1070 500 1140 ego
520 1053 584 1117 sim
604 1049 739 1116 Inachio
761 1051 866 1115 notior
887 1053 959 1114 erte
978 1048 1071 1114 Lino.

280 1159 355 1225 Nou
377 1175 442 1245 ego
464 1175 536 1221 sum
558 1155 684 1221 formae
704 1141 829 1218 tontum
848 1152 982 1216 mirator
1002 1147 1177 1236 honestae,

237 1271 263 1316 1⁰
323 1259 395 1323 Nec
418 1259 450 1322 si
471 1275 536 1342 qua
557 1256 703 1322 illustres
726 1255 848 1320 semino
867 1256 973 1320 iactat
993 1271 1094 1320 avos:

279 1359 335 1427 Me
356 1363 449 1425 iuvet
469 1360 503 1424 in
522 1358 649 1446 gremio
671 1353 790 1420 doctne
811 1355 942 1442 legisse
963 1354 1103 1440 puellae,

321 1463 466 1528 Auribus
486 1467 520 1527 et
540 1460 631 1546 puris
652 1461 777 1544 scripto
797 1459 959 1542 probasse
979 1473 1064 1522 men.

278 1564 374 1632 Haec
395 1565 452 1630 ubi
471 1563 685 1652 contigerint,
707 1560 817 1647 populi
839 1561 977 1626 conlusn
997 1559 1108 1626 valeto

323 1666 465 1733 Fabula:
488 1684 563 1732 nam
585 1664 717 1732 domina
738 1662 847 1730 iudice
867 1668 957 1729 tutus
978 1679 1046 1729 ero.
1089 1651 1094 1666 ’

204 1826 211 1846 ,
237 1765 375 1851 15011116
396 1769 428 1831 si
448 1768 534 1832 forte
555 1767 660 1834 bones
683 1763 726 1830 ad
747 1783 863 1850 pacem
883 1765 1023 1830 verterit
1044 1751 1157 1845 aures,

320 1870 461 1935 Possum
481 1870 669 1934 inimicitias
689 1875 767 1936 tunc
788 1887 851 1957 ego
873 1868 962 1934 ferre
980 1866 1082 1933 Iovis.

278 1970 558 2057 Quandocumque
577 1973 679 2060 igitur
701 1979 833 2038 nostros
853 1992 941 2038 mors
961 1969 1094 2038 claudet
1112 1967 1245 2053 coelica,

321 2078 447 2161 Accipe
467 2093 555 2162 quse
575 2094 694 2143 serves
715 2079 842 2144 funeris
863 2084 939 2144 actu
957 2079 1032 2143 mei.

282 2183 356 2248 Nec
376 2197 451 2245 mea
472 2186 550 2246 tunc
570 2180 672 2268 longa
693 2183 856 2266 spatietur
877 2183 1022 2269 imagine
1042 2197 1170 2266 pompa,

236 2301 264 2346 rc
324 2286 397 2350 Nec
418 2285 499 2350 tuba
520 2286 565 2350 sit
586 2284 647 2350 fati
667 2302 758 2350 vona
780 2285 915 2370 querela
934 2286 1009 2368 mei,

279 2385 352 2451 Neo
372 2381 449 2450 mihi
470 2390 547 2451 tunc
569 2385 672 2463 fulcro
695 2390 863 2450 sternatur
884 2385 991 2452 lectos
1014 2377 1166 2469 eburno,'

323 2489 395 2555 Nec
416 2488 515 2554 sitin
536 2489 681 2555 Attalico
702 2507 792 2555 mors
813 2505 887 2553 mea
908 2490 989 2553 nixa
1009 2493 1091 2554 toro.

274 2589 377 2657 Desit
397 2588 570 2657 odoriferis
592 2590 672 2659 ordo
692 2589 772 2658 mibi
792 2591 958 2658 lancibus:
982 2589 1095 2660 adsint

320 2690 435 2756 Plebei
454 2710 581 2777 parvae
601 2695 727 2758 toneris
750 2696 923 2778 exequiae.

237 2807 264 2852 ²⁵
281 2793 345 2863 Sat
366 2812 441 2859 meo
463 2801 518 2860 snt
539 2814 662 2884 magno
684 2801 738 2863 est
759 2799 790 2861 si
811 2803 881 2862 tres
904 2797 972 2862 sint
991 2814 1108 2884 pompa
1129 2797 1243 2883 libelli,

322 2895 412 2980 Quos
435 2914 499 2986 ego
520 2895 756 2984 Persephonae
778 2900 920 2964 maximo
942 2897 1029 2964 dona
1050 2900 1163 2968 leram.

279 3002 330 3070 Tu
352 3018 433 3066 vero
455 3000 575 3066 nudum
598 3008 715 3086 pectus
737 3000 884 3068 lacerata
907 3005 1071 3088 sequeris,

321 3106 395 3170 Nec
416 3104 520 3169 fueris
542 3123 660 3170 nomen
681 3104 775 3170 lasse
797 3123 920 3172 vocare
941 3123 1058 3189 meum,

279 3205 467 3291 Osculaque
489 3208 522 3271 in
543 3207 666 3295 gelidis
688 3225 792 3293 pones
814 3225 969 3294 suprema
990 3209 1131 3294 labellis

234 3321 261 3368 oo
321 3305 403 3376 Cum
423 3307 553 3376 dabitur
574 3308 676 3397 Syrio
698 3327 833 3380 munere
852 3312 971 3400 plenus
993 3332 1092 3400 onyx.

303 3487 329 3537 ³.
347 3481 456 3548 graciles
471 3482 526 3536 Hb.
544 3490 733 3552 contempnere
753 3487 785 3538 6.
844 3487 871 3542 ll.
888 3491 1019 3558 aacretum
1038 3484 1092 3539 Hb.
1160 3490 1188 3541 6.
1205 3483 1311 3540 hisma-

233 3569 274 3623 rio
289 3584 314 3622 r.
332 3566 404 3636 ub,
422 3566 561 3637 bismarias
580 3574 630 3636 Ν.,
647 3569 676 3621 in
693 3569 820 3622 hismaria
839 3572 871 3626 G.
888 3572 947 3623 vale
961 3569 1016 3624 Hb.
1084 3573 1111 3626 7.
1129 3572 1265 3636 stupescat
1282 3585 1310 3626 r.

231 3653 269 3706 H.
292 3651 331 3704 Μ.
418 3651 444 3704 8.
470 3649 540 3700 Tum
567 3649 619 3702 sim
644 3653 756 3714 agolli.
782 3651 880 3705 Inacho
902 3657 941 3708 H.
1031 3655 1074 3707 10.
1098 3653 1180 3705 iactet
1204 3659 1243 3707 H.
1264 3655 1310 3709 M.

233 3740 276 3787 11.
294 3731 363 3784 Nam
375 3737 413 3787 H.
433 3730 508 3784 iuuat
527 3730 582 3787 Hb.
601 3736 635 3787 1).
653 3734 693 3790 Μ.
714 3734 791 3787 docte
807 3752 832 3791 r.
907 3741 950 3790 12.
970 3734 1060 3804 pueris
1077 3737 1114 3787 N.
1132 3736 1165 3790 D.
1182 3737 1222 3792 Η.
1239 3753 1264 3793 r.
1284 3745 1311 3790 et

231 3833 274 3885 pr.
289 3819 321 3872 G.
340 3817 412 3870 dicta
426 3822 474 3883 11..
493 3816 592 3885 scripta
608 3823 645 3870 H.
708 3823 750 3871 13.
768 3818 910 3884 contigerit
921 3825 959 3872 H.
1016 3823 1059 3875 15.
1077 3820 1155 3876 Quod
1176 3821 1209 3873 G.
1222 3823 1310 3890 111,

232 3903 309 3958 Quae
326 3905 363 3958 H.
383 3903 419 3956 N.
433 3900 473 3954 M.
529 3907 570 3957 19.
588 3899 662 3971 tunc]
680 3917 750 3956 nunc
766 3906 804 3957 H.
858 3899 962 3970 111111]
980 3900 1083 3959 sich.
1134 3904 1177 3958 21.
1197 3908 1254 3956 tum
1270 3911 1309 3961 H.

232 4023 275 4071 ²2.
295 4018 405 4071 aetolico
422 4017 475 4076 Hb.
492 4020 550 4074 rica
566 4021 599 4077 b.
611 4025 647 4076 H.
658 4021 698 4077 M.
717 4019 797 4073 ebcro
816 4019 870 4078 Hb.
939 4022 983 4078 24.
1002 4019 1146 4090 obsequiae
1159 4022 1209 4090 6.,
1226 3983 1307 4095 {bsa-

232 4103 311 4172 qulae
331 4102 395 4173 (sic)
415 4107 451 4158 Ν.
521 4109 564 4160 25.
583 4105 633 4157 Sat
651 4119 711 4156 mea
729 4103 766 4158 sit
782 4119 878 4170 magna
895 4103 920 4157 ai
938 4106 972 4161 G.
989 4107 1026 4160 N.
1040 4121 1067 4160 c.
1082 4109 1117 4158 H.
1133 4107 1184 4172 lt,
1206 4088 1306 4158 satuit

162 4237 166 4256 ,
232 4204 329 4253 magna
357 4190 408 4242 mei
434 4189 457 4242 si
484 4192 516 4247 P.
537 4191 659 4262 1.,811
684 4204 743 4240 mea
766 4196 810 4240 sat
834 4204 930 4254 magne
954 4194 995 4241 est
1019 4190 1095 4244 em.
1121 4186 1188 4255 sint]
1212 4189 1246 4241 sit
1264 4189 1303 4240 M.

231 4279 274 4332 26.
293 4275 462 4343 Persephone
480 4277 515 4328 D.
573 4279 616 4331 27.
632 4273 703 4328 Tum
719 4276 757 4331 H.
776 4273 894 4326 nundum
910 4288 935 4332 r.
952 4274 1053 4326 lacerta
1070 4287 1095 4326 r.
1149 4271 1304 4328 11011111

233 4372 301 4427 quae
316 4360 353 4414 N.
372 4375 524 4430 supprema.
