2822 4976
363 373 578 441 undenum
597 373 662 441 ΕΙ..
681 373 729 455 Π,
749 373 803 443 25.
821 374 894 446 26.
1113 389 1156 452 67

170 541 322 631 Septima
344 559 442 628 qnam
462 547 583 608 metam
604 542 735 610 triverit
756 549 836 608 ante
855 539 953 613 rotat
1049 577 1051 587 ·

125 646 309 716 Mandanes
330 643 447 712 ludunt
467 644 565 711 flatus
587 645 621 710 in
645 662 757 712 amore
778 646 928 715 secundi.

171 748 212 818 Si
233 764 298 834 qua
319 749 412 814 venit
433 765 527 828 sero,
549 763 670 835 magna
690 748 785 812 ruina
804 751 907 816 venit.
968 799 971 802 -

125 852 307 920 notamen
328 851 474 931 interea,
495 853 647 935 quamvis
670 855 705 915 te
726 849 845 940 diligat
862 853 932 939 illa,

76 967 107 1012 aa
169 951 209 1020 ln
227 954 331 1019 tacito
354 950 472 1018 cohibe
493 949 619 1038 gaudia
640 950 756 1016 clausa
776 955 867 1018 sinu:

124 1059 277 1142 Namque
297 1058 331 1122 in
352 1073 469 1121 emore-
485 1074 546 1121 suo
569 1071 701 1140 semper
721 1073 786 1122 sna
803 1059 947 1126 maxima
968 1059 1087 1153 eoique

167 1158 293 1224 Nescio
314 1175 377 1242 quo
399 1160 495 1242 paeto
516 1157 620 1221 verba
641 1171 763 1222 nocere
783 1159 900 1226 solent.

127 1258 288 1344 Quamvis
311 1273 346 1325 te
369 1277 532 1345 persaepe
553 1265 668 1342 vocet,
690 1261 794 1326 semel
815 1262 865 1328 ire
886 1247 1064 1338 memento:

166 1363 329 1430 Invidiam
352 1362 439 1449 quod
459 1361 576 1444 habet,
597 1381 662 1430 non
682 1363 768 1429 solet
789 1381 870 1430 esse
892 1367 958 1438 diu.

76 1481 107 1526 aa
125 1465 172 1534 At
191 1468 223 1531 si
242 1465 357 1530 saecla
375 1465 484 1530 forent
505 1466 650 1550 antiquis
672 1471 773 1552 grata
794 1466 940 1552 puellis.

169 1567 294 1636 Essem
315 1586 380 1657 ego
403 1566 491 1655 quod
513 1586 599 1634 nune
619 1573 670 1633 tu:
693 1575 839 1653 tempore
857 1571 974 1639 vincor
994 1592 1070 1667 ego.
1123 1629 1129 1642 .

125 1674 202 1740 Non
223 1678 333 1756 tamen
354 1673 421 1738 ista
443 1689 535 1736 meos
558 1671 729 1737 mutabunt
751 1673 886 1738 saecula
907 1695 1033 1746 mores:

166 1774 401 1861 Unusquisque
421 1792 483 1838 sua
504 1775 635 1840 noverit
656 1775 706 1839 ire
726 1774 793 1840 via.
1099 1769 1101 1772 ’

125 1879 173 1946 At
194 1896 257 1943 vos
263 1925 274 1959 ‚
297 1883 353 1964 qui
372 1877 481 1944 oitioia
502 1879 536 1943 in
558 1877 676 1944 multos
698 1881 866 1945 revocatis
888 1898 1031 1973 amores,
1096 1903 1100 1918 ¹

77 1994 108 2039 n
170 1978 333 2061 Quantum
355 1980 405 2044 sie
427 1981 553 2045 erueiat
573 1979 694 2044 lumina
713 1985 831 2045 vestra
850 1980 957 2054 dolor!

124 2081 267 2150 Vidistis
290 2083 385 2167 pleno
404 2089 551 2147 teneram
572 2080 715 2148 candore
735 2082 888 2168 pueliam,

165 2185 307 2252 Vidistis
330 2185 438 2249 fusco:
462 2184 551 2250 ducit
572 2190 712 2269 uterque
733 2184 832 2250 color.

122 2287 265 2357 Vidistis
288 2287 451 2373 quandam
471 2289 602 2375 Argiva
629 2286 762 2372 prodire
784 2287 902 2374 figura,

164 2389 477 2457 Vidistis'nostras:
499 2395 639 2475 utraque
660 2390 764 2461 forma
785 2394 881 2474 rqpit.

76 2515 106 2560 m
123 2497 250 2585 litaque
270 2497 398 2584 plebeio
421 2495 477 2562 vel
499 2497 544 2561 sit
566 2494 714 2561 sandicis
737 2497 873 2561 amictu:

165 2603 261 2670 Haec
280 2606 380 2686 atque
400 2599 458 2665 ilia
478 2598 555 2664 maii
575 2598 723 2664 vulneris
744 2617 810 2662 una
829 2600 884 2695 via
906 2608 960 2668 est
967 2625 978 2690 3

121 2703 204 2772 Cum
225 2705 310 2770 satis
333 2722 398 2768 una
417 2703 483 2768 tuis
507 2702 669 2766 insomnia
692 2707 799 2785 portet
821 2702 946 2788 ocellis,

163 2808 239 2878 Una
259 2809 361 2876 siret
381 2808 488 2875 cuivis
509 2805 632 2872 femina
652 2804 754 2871 multa
774 2805 870 2872 maia.

123 3133 221 3221 Vidi
242 3158 277 3220 te
298 3152 331 3219 in
354 3153 479 3219 somnis
498 3152 623 3232 fracta,
644 3146 717 3215 mea
735 3151 823 3233 vita,
845 3153 959 3221 carina

165 3254 257 3321 Ionio
279 3255 391 3320 lassas
411 3253 533 3321 ducere
553 3271 627 3319 rore
645 3272 774 3335 manus,

123 3357 173 3426 Et
196 3376 419 3444 quaecumque
440 3360 475 3424 iu
494 3375 547 3423 me
568 3357 682 3424 fueras
702 3358 839 3423 mentita
857 3358 968 3443 fateri,

163 3463 238 3529 Neo
256 3463 323 3528 iam
343 3460 479 3530 humore
499 3479 626 3550 graves
646 3460 763 3528 toliere
784 3479 888 3547 posse
906 3481 1031 3552 eomas,
1082 3505 1083 3508 =

76 3699 121 3748 26.
140 3695 199 3745 arte
216 3707 261 3760 ra,
287 3695 350 3744 ante
367 3696 404 3745 H.
419 3693 464 3744 Μ.
490 3691 567 3744 credo
586 3697 611 3743 et
627 3691 680 3756 D.;
706 3708 768 3743 nom
789 3690 817 3742 in
833 3691 925 3744 altimo
947 3695 1058 3760 pupione
1073 3712 1152 3753 aaron

82 3773 242 3830 Wendter'ns
268 3792 348 3843 saepe
373 3777 553 3842 festinantior.
645 3783 688 3832 29.
714 3777 785 3828 Turn
807 3777 839 3832 G.
924 3780 968 3833 34.
992 3781 1095 3835 Invidia
1114 3791 1152 3846 H,

76 3865 122 3914 ³5.
141 3859 179 3912 Et
195 3862 230 3912 n.
249 3875 293 3927 n.,
317 3863 353 3911 At
373 3860 405 3915 Υ.
424 3861 500 3916 Perr.
584 3865 626 3914 36.
646 3864 676 3912 tu
698 3877 748 3914 om.
766 3862 810 3912 M.
895 3865 938 3916 37.
960 3864 1099 3921 mutabant
1114 3871 1152 3928 Ν.

75 3963 182 4000 amores
199 3949 244 4002 M.
320 3949 364 3998 39.
383 3943 463 3997 offam
482 3948 517 4002 n.
593 3947 637 4000 40.
656 3945 680 3998 si
698 3949 733 4000 N.
748 3947 781 3999 n.
798 3941 851 3996 Hb.
870 3944 904 3996 D.
922 3950 959 3998 H.
984 3949 1014 4010 V.
1031 3955 1075 4006 M.
1101 3971 1153 4008 no.
1264 3931 1265 3940 ἵ

75 4043 134 4090 stra
145 4039 181 4088 Ν.
238 4036 283 4086 41.
301 4032 407 4100 plenam
426 4037 517 4085 tenero
529 4036 565 4085 H.
622 4029 860 4093 42.dntcis1i.n.,
880 4029 955 4083 deest
967 4037 1015 4104 H„
1034 4039 1107 4092 ducit
1122 4044 1152 4095 i„

74 4122 207 4189 marni).
275 4121 319 4171 43.
339 4119 453 4186 quadam
472 4119 508 4176 N.
526 4117 655 4188 prodente
672 4119 716 4171 M.
733 4116 764 4170 Υ.
784 4115 873 4182 puella
889 4117 928 4169 Η.
995 4123 1038 4176 ta.
1059 4125 1099 4176 aio
1120 4129 1152 4183 V.

74 4206 192 4262 sandicis
211 4205 246 4258 sit
261 4219 304 4272 pr.
321 4219 356 4256 m.
373 4201 442 4272 Hb„
460 4204 582 4257 sandaeis
603 4205 635 4262 G.
723 4203 769 4255 46.
787 4205 828 4254 ast
845 4217 896 4256 om.
912 4199 966 4257 Bt.
1051 4209 1095 4267 ts.
1112 4211 1154 4284 et]

76 4299 120 4348 est
138 4295 169 4344 P.
188 4293 265 4344 Perr.
440 4285 447 4304 '

142 4378 242 4434 XXVI.
262 4391 313 4443 ege
332 4392 383 4430 om.
400 4378 446 4430 M.
514 4379 541 4431 3.
558 4371 640 4428 tueris
661 4374 692 4430 V.

274 4463 276 4476 '
936 4474 952 4510 a
