2806 4974
191 336 268 416 200
508 350 701 413 Quaestionum
718 349 800 406 Liber
818 335 976 406 secundus.'

196 523 288 610 idque
308 522 390 590 haud
413 523 502 588 Iuhie
523 522 696 606 pronuntiat
716 521 764 600 11
786 525 823 600 l,
846 523 916 586 99:

337 643 392 698 Sed
407 657 486 710 orqrre
503 641 714 708 Phteqrceos
730 639 827 692 louis
844 636 1076 706 Enceladique
1094 637 1221 690 tumultus

372 715 476 763 lutouet
495 717 605 791 coqueio
623 715 727 776 pectore
749 707 938 773 Callimachus,

338 779 396 832 Nec
413 795 472 836 meo
489 780 641 830 concutiunt
658 777 746 828 duro
763 776 922 842 praecordia
939 789 1042 826 uerso

379 847 530 901 Caesaris
521 862 549 899 m
566 845 694 912 thppioe
714 845 823 897 couderc
840 859 931 897 comeo
950 858 1023 896 auos.

203 955 368 1036 Quinimmo
390 952 439 1018 El.
462 952 509 1030 ll,
529 955 566 1030 I,
588 956 638 1028 2.,
658 951 727 1014 uhi:

344 1075 541 1140 Quaeritis,
559 1072 663 1139 inquit,
681 1071 749 1124 uude
764 1070 826 1122 mihi
843 1070 920 1122 toties
937 1066 1089 1120 scribantur
1106 1061 1262 1120 umores?

378 1144 450 1198 Urrde
467 1158 539 1195 meus
556 1143 644 1194 umam
661 1141 807 1192 mottie'
798 1155 826 1191 m
843 1155 892 1190 oro
909 1132 1049 1190 liber?-

204 1256 250 1319 ite
273 1254 421 1357 loquitur,
450 1255 537 1336 quasi
562 1256 729 1355 quicunque
752 1260 831 1314 amet
853 1252 914 1313 allo
939 1268 1024 1331 qnam
1052 1247 1163 1311 molli
1190 1264 1280 1311 rersu

204 1343 251 1408 uti
272 1345 387 1407 ommno
409 1359 468 1404 non
489 1343 594 1424 possit.
639 1339 764 1402 Gausam
786 1338 861 1400 enim
883 1339 960 1400 hanc
982 1337 1120 1418 protinus
1142 1332 1245 1398 alulit:

341 1460 405 1512 Nou
423 1457 487 1509 hoec
506 1457 638 1528 Calliope,
655 1472 708 1508 rou
727 1455 790 1507 hoec
807 1455 869 1506 mihi
887 1455 969 1505 dictat
986 1453 1098 1520 Apollo:

378 1529 550 1594 Imperium
567 1495 667 1578 uobis
657 1542 719 1592 ipso
735 1525 857 1592 puello
876 1525 951 1592 ΙαιΙι.

209 1635 266 1704 (lui
285 1637 354 1704 loco
376 1638 402 1700 si
422 1637 470 1702 ΕΙ.
490 1637 524 1715 Ι,
543 1641 579 1713 9,
600 1640 652 1703 ll
675 1636 913 1717 comparaveris.

345 1757 412 1808 Plus
430 1756 458 1806 io
475 1770 593 1807 amore
609 1755 680 1805 uolet
697 1754 894 1805 Mimnermi
913 1766 1035 1804 uersus
1051 1752 1177 1819 Homero,

382 1824 544 1887 Carmina
560 1829 712 1875 morisuetus
729 1823 820 1885 lertio
838 1821 924 1890 poscit
939 1821 1037 1871 Amor
1053 1846 1088 1859 -

209 1947 373 2013 rursusque
394 1927 427 2010 I,
449 1933 486 2008 Ι,
508 1933 576 1996 19:

344 2052 379 2106 Et
394 2052 500 2116 frustm
516 2051 604 2116 cupies
619 2052 752 2104 mollem
769 2065 922 2118 componere
938 2049 1089 2117 uersum,

382 2120 439 2176 Nec
457 2119 504 2172 tihi
522 2118 641 2172 subiiciet
658 2122 776 2172 carmina
793 2135 869 2172 serus
884 2120 967 2170 Anser
984 2144 1018 2156 -

210 2255 308 2320 paene
334 2237 393 2300 iam
420 2238 477 2301 tihi
503 2239 649 2318 oollIgere
675 2240 824 2316 ridearis,
851 2238 935 2301 molli
955 2255 1045 2301 uersu
1067 2236 1178 2318 ubique
1199 2237 1287 2302 disti-

210 2325 296 2387 ohum
318 2325 482 2404 elegiacum
502 2325 685 2426 significari,
708 2326 788 2406 quod
809 2342 845 2387 eo
868 2326 985 2388 nomine
1006 2324 1091 2386 heroi
1119 2324 1287 2388 hexametri

211 2411 388 2474 lortiorihus
413 2412 516 2492 utique
542 2413 671 2474 numeris
697 2421 874 2495 opponatur.
918 2411 991 2473 Nan
1014 2410 1092 2491 apud
1113 2411 1287 2473 llermesio·

211 2507 329 2559 nectem
353 2513 494 2600 quoque
505 2495 625 2574 (Athen
643 2497 726 2562 XIII
748 2519 778 2580 p.
801 2497 890 2580 597.)
914 2497 1144 2560 Mimnermus
1136 2498 1286 2560 invenisse

211 2581 321 2647 dicitur
342 2569 494 2666 ἡδὺν
472 2602 553 2666 ηχον
580 2579 637 2646 aei
659 2579 856 2686 patriciaci
882 2571 997 2660 πνεῦμ’
1027 2571 1096 2643 ἀπὸ
1119 2581 1287 2661 πενταμέ-

210 2687 302 2754 cpoo.
347 2669 461 2746 Quibus
484 2669 539 2744 ch,
561 2671 688 2752 quaein
710 2672 808 2750 capite
829 2671 924 2751 primo
947 2669 1033 2730 huius
1056 2669 1188 2746 Quaestt
1210 2669 1286 2730 libri

184 2754 249 2817 ,ιΙι
277 2754 432 2835 elegorum
458 2716 567 2818 natuia
595 2756 817 2836 disputavimus.
868 2754 929 2818 Sed
958 2755 1056 2817 obstat
1083 2754 1225 2834 frequens
1255 2762 1287 2818 et

211 2839 335 2903 diserta·
354 2839 529 2903 Callimachi
562 2850 592 2904 et
621 2842 759 2905 Philetas
793 2841 1042 2904 commemoratio.
1092 2838 1166 2901 Nam
1195 2841 1222 2902 si
1250 2839 1283 2902 id

211 2928 307 2990 solum
335 2925 436 2989 licere
462 2928 621 3003 uoluisset,
651 2947 684 2991 se
713 2924 965 3008 elegis'potius
993 2943 1079 3005 quam
1107 2926 1287 2988 hexametris

213 3031 323 3076 canere
344 3014 439 3089 selle,
460 3016 552 3076 satius
576 3023 642 3076 erat
661 3013 764 3092 (sicuti
783 3014 830 3076 El.
850 3012 883 3087 l,
905 3018 940 3087 9,
963 3014 1013 3074 ll.
1033 3011 1119 3090 iecit)
1139 3014 1287 3076 Mimner-

212 3117 288 3162 ntom
316 3100 365 3161 uel
386 3099 532 3162 Gallinam
560 3101 732 3181 appellare,
758 3099 821 3162 siue
847 3100 913 3179 quis
944 3096 1020 3159 alius
1047 3098 1158 3177 primus
1180 3107 1288 3179 penta·

212 3185 300 3247 ιιιιιιΙ
323 3185 460 3248 inuentor
489 3187 672 3266 perhibetur.
722 3186 807 3249 Nunc
834 3185 1020 3266 superiorum
1045 3183 1180 3246 locorum
1206 3185 1286 3247 ratio

212 3271 287 3334 satis
308 3271 420 3352 aperit,
441 3272 615 3350 exquisitius
633 3268 780 3352 quoddam
801 3279 830 3334 ιι
851 3281 929 3333 teres
950 3280 980 3332 et
1001 3271 1134 3332 omnihus
1155 3270 1287 3332 numeris

215 3364 348 3421 exactum
374 3373 510 3419 uersuum
532 3374 626 3436 genus
648 3375 713 3420 eum
736 3366 893 3438 expetere,
919 3373 977 3437 ιιι
1000 3354 1059 3417 soli
1086 3356 1133 3420 illi
1154 3355 1287 3422 Alexan-

214 3439 294 3503 ιΙιΙιΙ
317 3441 520 3503 excelluerint.
564 3442 668 3522 Neque
689 3443 782 3520 igitur
800 3443 968 3522 ambiguum
990 3459 1056 3504 esse
1075 3450 1189 3524 potest,
1213 3442 1287 3523 quin

213 3545 235 3589 a
254 3544 391 3590 uersuum
418 3526 632 3607 compositione
654 3530 837 3609 comparatio
854 3530 899 3590 sit
926 3529 1116 3594 instituendo.
1161 3529 1228 3605 Qua
1255 3529 1287 3590 iu
1325 3529 1329 3540 “

168 3619 175 3626 ’
214 3630 249 3676 rc
276 3613 397 3677 fortuma
420 3609 596 3675 Callimachi
618 3615 797 3677 carminibus
826 3615 897 3677 satis
920 3614 1053 3692 alioquin
1076 3614 1207 3694 maligna
1228 3613 1286 3676 hoc

155 3705 157 3708 ’
214 3706 295 3760 ιιιιι
315 3700 466 3780 permisit,
494 3707 526 3761 nt
548 3699 652 3778 quales
679 3701 708 3762 in
732 3701 826 3780 elegis
849 3699 1012 3762 condendis
1035 3700 1119 3778 leges
1141 3709 1192 3763 aut
1219 3700 1286 3780 ipse

213 3784 311 3846 sciens
333 3785 391 3846 sihi
413 3786 582 3866 scripserit,
610 3796 661 3849 eut
685 3787 774 3849 animi
796 3787 841 3848 sni
865 3786 1001 3867 impeturn
1029 3796 1146 3849 secutus
1168 3788 1287 3849 nescius

210 3868 432 3947 'observaverim
453 3873 540 3936 etiam
562 3890 638 3935 nnnc
659 3872 898 3935 diiudicarenus.
941 3870 1033 3934 Nulla
1054 3873 1130 3948 enim
1152 3881 1197 3934 est
1219 3871 1289 3934 ido-

212 3974 272 4019 nea
293 3973 402 4034 causa,
429 3974 482 4019 eur
508 3973 560 4019 eos
587 3959 714 4038 elegiaci
741 3957 859 4021 distichi
887 3974 1043 4032 numeros,
1073 3976 1147 4038 qnos
1168 3959 1198 4020 in
1222 3960 1288 4039 epi-

214 4043 384 4144 grammatis
413 4052 443 4107 ιι
470 4043 613 4122 hymno
603 4065 634 4107 ιι
660 4044 798 4110 Lavacra
818 4042 953 4106 Palladis
983 4004 1143 4148 ιιιιΙΙιιιιιι
1163 4045 1287 4108 surihus

213 4129 325 4192 nocuis
343 4130 416 4192 licet
437 4129 643 4212 expendere,
634 4149 665 4192 ιι
686 4131 786 4210 elegia
805 4130 951 4193 amatoria
971 4131 1030 4193 ιι
1021 4149 1052 4191 ιι
1074 4123 1195 4204 uictore
1213 4131 1289 4192 mul·

213 4223 274 4278 ιιιι
300 4215 472 4282 variaverit.
514 4215 590 4278 Nam
612 4214 736 4281 Ouilius
759 4214 879 4319 quidem
907 4223 938 4280 ιι
957 4216 1132 4316 Propertius
1153 4217 1287 4297 quamuis

212 4301 380 4383 argumenti
415 4308 496 4367 certe
530 4318 622 4366 cansa
656 4302 845 4366 nonnulla
836 4321 868 4365 ιι
903 4303 1119 4386 ιιιιιιιΙιΙιιι
1150 4318 1288 4369 uersuum
