2806 4974
258 330 348 402 Caput
366 305 427 390 Vil.
462 333 505 388 De
521 331 672 390 imitatione
690 336 831 405 poemrunu
848 333 1099 394 Alexandrinorum.
1139 320 1217 402 199

141 501 190 568 sei
212 500 251 569 ie
271 503 393 572 (iolelrls
412 504 530 570 Iasonis
549 505 813 589 persecutoribus:

244 641 281 697 Oi
295 640 350 712 μὲν
367 639 409 696 ἔπ’
426 639 587 713 Ἰλλυρικοῖο
603 636 695 709 πόρου
711 638 863 709 σχάσαντος
879 637 980 713 tpsrpi

272 711 342 764 Λᾶα
359 707 437 782 παρὰ
461 711 566 775 ξανθῆς
579 707 724 782 Ἁρμονίης
742 704 825 778 ὄφιος

232 771 403 848 Ἄστυρον
419 779 650 846 instruaris,
668 774 699 832 eti
716 778 772 860 petr
790 775 968 847 Φυγάδων
983 795 1024 838 τις
1039 777 1186 834 ἐνίσποι

272 843 405 917 Γραικὸς,
423 843 493 918 incip
512 850 641 901 κείνων
658 844 788 916 γλωσσ’
808 842 963 918 ὀνόμηνε
978 845 1109 908 Πόλος.

134 973 199 1038 Ηοο
221 974 316 1056 igitur
343 977 558 1056 fragmentum,
581 993 640 1058 quo
663 984 693 1039 et
719 992 835 1038 causa
854 973 971 1037 urbium
994 982 1024 1039 et
1045 991 1210 1056 cognomen

133 1061 265 1143 priscum
287 1063 468 1144 explicatur,
493 1063 564 1144 quin
591 1063 630 1125 ad
652 1052 745 1124 αἴτιοι
770 1061 947 1144 pertinuerit
973 1061 1072 1126 nullus
1093 1062 1207 1128 dubito.

133 1146 223 1226 Quod
244 1150 270 1211 si
291 1150 371 1212 reris
393 1149 574 1229 argumentis
602 1148 794 1228 collegimus,
821 1148 858 1211 de
879 1156 973 1210 metro
994 1161 1044 1212 res
1067 1158 1112 1212 est
1134 1165 1207 1214 con·

130 1235 223 1298 lecta.
270 1235 376 1317 Neque
405 1253 479 1317 ego,
509 1237 627 1314 hercle,
656 1235 772 1298 etiamsi
803 1235 835 1297 in
860 1235 917 1297 lroc
947 1251 1006 1300 uuo
1032 1238 1205 1314 emiserim,

131 1337 253 1384 eausam
285 1321 443 1404 intelligo,
471 1339 526 1387 cur
552 1323 612 1386 riri
644 1321 731 1388 docti,
753 1323 841 1385 unius
871 1319 1001 1384 laciniae
1027 1319 1206 1403 desperatae

130 1408 232 1488 gratia
259 1408 304 1470 itu
330 1426 387 1491 pro
414 1409 594 1474 hexametris
614 1415 761 1490 pugnent,
786 1407 873 1491 quasi
894 1416 1066 1488 argumento
1089 1398 1204 1470 αἰτίων

130 1493 205 1556 solis
237 1493 365 1557 idoneis.
415 1496 491 1559 Natu
521 1496 627 1600 quihus
659 1493 780 1558 tandem
810 1493 977 1558 rationibus
1011 1493 1142 1570 elicias,
1169 1502 1204 1559 ut
1247 1532 1252 1539 -

130 1580 212 1659 elegi
240 1581 303 1656 lis,
326 1581 455 1662 quaein
477 1598 614 1644 κοισεων
636 1580 717 1643 libro
738 1590 884 1645 matutae
905 1581 1046 1657 luissent,
1066 1577 1203 1642 historiis

126 1667 252 1731 utiliora
271 1666 383 1731 luerint
402 1685 490 1749 quam
513 1685 590 1748 quae
610 1668 641 1730 in
664 1659 801 1732 micioni
827 1666 958 1734 Verbum
977 1682 1039 1730 non
1059 1663 1201 1747 amplius.

228 1789 292 1851 lanu
313 1807 386 1853 uero
407 1798 440 1853 ut
466 1790 613 1866 breuiter,
640 1787 720 1871 quoti
748 1797 813 1854 tota
839 1787 898 1852 lrao
926 1788 1127 1871 disputatione
1153 1786 1199 1852 ei-

124 1873 232 1948 lloitur,
256 1876 503 1956 complectamur:
524 1878 568 1940 ita
582 1877 756 1958 Propertius
779 1884 896 1939 secutus
916 1885 963 1938 est
978 1872 1200 1954 Gallinacium,

122 1969 155 2023 ut
177 1961 209 2022 in
230 1963 411 2038 argumentis
431 1961 510 2025 idem
530 1962 627 2024 solnm
648 1979 783 2042 genus,
802 1962 901 2025 libero
921 1961 1056 2043 alioquin
1076 1957 1199 2037 iutlieio,

123 2056 293 2128 expeteret,
320 2050 351 2110 in
378 2049 561 2113 uersibus
595 2058 695 2112 autem
721 2055 752 2111 et
779 2046 1002 2111 elocutione
1028 2045 1198 2110 accuratius

120 2134 258 2212 magistri
279 2134 442 2217 exemplum
461 2133 626 2214 effingeret.
669 2131 757 2212 Quod
780 2149 844 2197 oum
864 2133 896 2197 in
915 2132 1067 2198 historicis
1086 2140 1198 2196 certum

120 2219 177 2294 sit,
209 2221 241 2282 in
264 2220 365 2298 elegia
387 2239 440 2297 ee,
468 2240 555 2302 quarn
579 2229 674 2296 amet,
696 2220 809 2283 clarius
832 2221 937 2300 etiam,
956 2228 1045 2304 puto,
1067 2235 1198 2301 appare·

119 2304 174 2368 bit.
218 2306 293 2369 Nam
321 2308 488 2388 ubicunque
513 2307 782 2372 Alexandrinorum
809 2306 841 2368 in
869 2307 927 2370 hoo
954 2323 1066 2389 genere
1095 2321 1194 2371 exeta-

118 2391 201 2470 plum
229 2392 336 2471 iactat,
370 2393 553 2459 caelatorum
577 2395 644 2458 tere
670 2408 809 2458 versuum
835 2392 955 2458 laudern
981 2400 1085 2476 urget,
1112 2391 1195 2458 uelut

115 2477 161 2540 111
167 2525 177 2554 ,
198 2481 229 2543 1.
250 2479 331 2543 init:
930 2505 936 2516 ·
1163 2502 1167 2510 ·

258 2611 414 2665 Callimachi
429 2613 526 2666 Mortes
542 2618 568 2664 et
587 2611 635 2666 cot
652 2627 736 2665 tuero
752 2611 878 2680 Pittacon,
895 2641 932 2656 -
1040 2663 1042 2668 .

251 2682 352 2750 Dicite,
370 2696 421 2750 ροο
438 2683 544 2750 pariter
560 2697 666 2736 carmen
683 2684 863 2736 teooostis
878 2683 908 2736 in
924 2687 1003 2736 oeteo
1020 2683 1084 2738 cett.
1097 2707 1134 2724 ·-
1205 2697 1209 2702 ·

113 2789 144 2846 et
165 2799 252 2847 mox:

159 2905 164 2910 ’
288 2901 450 2954 Ecoetor
467 2901 563 2952 tenui
581 2901 683 2968 pumice
699 2915 820 2956 uersos
837 2908 882 2955 eet
898 2927 934 2940 -

115 3031 202 3114 (udi.
224 3032 279 3110 Ill,
301 3037 331 3108 3,
353 3032 406 3097 52.
429 3028 501 3095 o'oll.
522 3049 601 3095 cers.
618 3035 668 3097 16.
689 3032 741 3109 1v,
763 3036 794 3109 u,
815 3037 845 3097 3.
860 3036 893 3098 4.
915 3029 986 3097 coll
1006 3032 1055 3110 i.;
1077 3031 1115 3096 tle
1135 3051 1188 3097 ra·

112 3120 169 3183 riis
198 3121 275 3182 eninr
303 3118 477 3198 allegoriis,
505 3119 611 3199 quibus
641 3119 689 3180 lrio
717 3121 877 3182 uerborum
905 3119 1076 3203 proprietas
1105 3117 1187 3183 cela-

111 3213 170 3283 tur,
189 3205 227 3269 ol.
245 3207 472 3269 commentarios
493 3203 532 3266 etl
553 3223 580 3268 e.
595 3205 617 3267 l.
631 3214 691 3268 tum
707 3222 779 3268 uero
794 3206 929 3283 Quaestt.
944 3206 1018 3288 Gap.
1031 3203 1082 3271 vl.
1095 3224 1121 3269 s.
1134 3203 1185 3268 lin.

115 3300 146 3356 et
171 3290 410 3355 dissertationem
430 3292 549 3373 saepius
572 3290 691 3356 citatem
707 3309 737 3373 p.
752 3294 784 3356 4.
799 3296 831 3355 o.
845 3293 890 3374 7.)
911 3301 1086 3375 argumenta
1104 3307 1188 3355 ama-

111 3378 193 3442 toria
215 3379 258 3440 sic
281 3377 395 3440 demum
416 3387 640 3454 commemorat,
663 3377 750 3459 quusi
775 3377 866 3441 aliter
887 3397 975 3460 quom
1002 3395 1066 3442 curn
1093 3383 1187 3442 metro

111 3465 245 3527 molliori
268 3465 484 3526 coniunctene
507 3465 636 3544 cogitari
658 3463 778 3545 quidem
803 3464 930 3546 possint.
973 3463 1008 3530 ltl
1031 3461 1112 3546 quod
1133 3480 1187 3527 ea·

111 3559 197 3614 tenus
218 3549 312 3627 calet,
334 3559 367 3613 ut
388 3550 494 3614 molli
514 3568 604 3614 uersu
624 3569 683 3614 uon
702 3559 763 3614 tanr
785 3547 915 3613 durum
937 3558 1078 3636 opponat,
1098 3567 1187 3632 quarn

111 3635 178 3717 ipsa
207 3644 436 3715 argumenta
469 3636 605 3718 opica,
634 3635 760 3720 perinde
789 3653 826 3699 ac
856 3637 884 3698 si
910 3638 1082 3704 necessario
1109 3639 1185 3702 irato

110 3723 170 3786 sihi
192 3720 297 3786 iurum
318 3739 437 3786 uersum
455 3730 632 3804 poscerent,
654 3721 736 3788 uelut
757 3740 864 3805 supra:
984 3745 987 3748 ·

141 3909 144 3920 ,
249 3853 289 3906 All
306 3854 410 3921 volent,
432 3852 559 3906 Phocione
576 3855 717 3923 cuicunque
729 3839 855 3909 'onoratur
871 3855 900 3908 io
916 3855 1017 3910 erotis:

278 3924 399 3976 Emeritos
415 3923 487 3975 teoni
503 3924 604 3991 pontice
620 3939 712 3978 versos
729 3929 773 3976 eat
789 3949 825 3964 ·-

109 4049 140 4106 et
159 4040 220 4117 111,
243 4043 280 4116 2,
302 4039 371 4104 15.:
394 4038 462 4119 quis
484 4045 516 4103 te

281 4169 457 4222 Gornricis
474 4170 568 4224 icerol
584 4177 692 4238 tongere
709 4172 789 4225 torsit
806 4135 895 4240 operi

247 4238 309 4292 Nou
327 4238 460 4290 trinoctio
477 4240 675 4308 receperamus
693 4241 841 4309 trisemo,
861 4241 995 4309 Properti.

176 4325 190 4361 ·,
279 4307 406 4361 Μολλίο
422 4314 484 4362 suot
499 4310 591 4378 porcis
607 4315 691 4380 proto
706 4309 816 4364 terendo
831 4311 900 4364 rotis
918 4336 953 4348 -
