2834 4972
156 393 158 398 .
197 316 225 397 8
525 328 716 396 Quaestionum
730 327 817 384 biber
833 327 944 400 primur.

201 506 325 590 propius
359 503 472 568 aberat.
526 503 601 568 Nam
634 503 771 586 superior
801 521 874 586 pars
906 445 1041 566 iluminis¹
1066 501 1103 566 ab
1131 503 1267 584 Augusto
1388 555 1389 558 ,

203 591 409 675 llispellatinm
437 589 541 653 ditioni
566 587 668 652 addita
691 591 797 667 (Plin.)
821 608 857 653 eo
885 591 982 672 aptius
1010 589 1207 672 aPropertio
1230 590 1269 652 ad
1389 608 1390 664 f

205 678 384 742 deiciendos
410 676 479 757 agri
506 676 599 759 patrii
621 675 730 739 limites
752 675 889 738 adhiberi
914 675 1018 757 potnit.
1062 677 1175 740 Rursus
1195 694 1270 758 poe·
1390 677 1392 770 ζ

201 774 279 842 tam,
297 765 349 827 nbi
370 781 403 828 se
424 780 489 827 cnm
509 763 606 826 amica
626 764 833 826 rusticaturnm
854 779 920 825 esse
943 761 1096 844 promittit,

234 916 289 968 pao
305 901 423 970 formoso
439 915 486 954 cao
502 898 695 953 Clitumnus
712 895 819 968 bantra
835 897 910 952 luca
929 923 964 936 -
982 897 1112 965 lotepit
1131 924 1167 936 -

201 1028 327 1105 paterna
346 1038 418 1083 rnna
438 1018 608 1100 intelligere
625 1019 689 1084 ueri
711 1019 806 1082 simile
827 1027 882 1087 est.
924 1021 1006 1084 llaec
1026 1029 1122 1086 autem
1145 1037 1181 1083 ea
1200 1010 1270 1101 ipsa
1395 1023 1397 1098 Ῐ

203 1108 289 1186 regio
318 1105 433 1169 ridetur
458 1124 539 1182 esse,
566 1123 654 1186 quam
677 1106 793 1170 Plinius
814 1105 836 1172 l.
857 1105 879 1170 l.
902 1106 1070 1171 accuratius
1095 1107 1140 1178 bis
1167 1107 1269 1171 uerbis

204 1191 361 1258 describit:
382 1193 499 1268 „collis
524 1194 646 1274 antiqua
669 1208 811 1274 cupressu
831 1209 1003 1262 nemorosus
1031 1201 1061 1258 ot
1084 1195 1216 1274 opacus“
1239 1199 1272 1254 et
1398 1228 1399 1242 .

202 1279 284 1341 inira
311 1279 566 1359 „ripae'iraxino
594 1277 701 1354 multa,
728 1279 819 1340 multa
839 1277 951 1368 populo
973 1280 1164 1344 vestiuntur.“
1206 1278 1269 1340 Sed
1399 1294 1400 1298 ’

201 1365 251 1429 bic
278 1365 416 1429 Albertus
450 1363 492 1452 (p.
518 1363 607 1442 267.)
637 1364 745 1427 ceteris
774 1365 959 1442 argumentis
995 1364 1181 1446 probabilius
1210 1365 1270 1428 bne

204 1449 354 1527 obtendit,
380 1466 438 1512 nen
467 1468 556 1532 posse
581 1449 761 1530 Hispellum,
790 1449 938 1514 colonium
965 1449 1081 1514 allino
1107 1450 1185 1512 lulio
1214 1449 1270 1511 de·

203 1535 333 1612 ductam,
358 1535 396 1598 ab
417 1536 580 1601 Octauiano
607 1537 754 1600 ueteranis
778 1537 957 1616 assignatum
982 1553 1064 1613 esse3
1091 1535 1175 1617 atqui
1191 1536 1270 1600 Pro·

201 1623 292 1705 pertii
320 1622 447 1704 patriam
467 1621 646 1703 tardumque
666 1621 761 1703 ipsun
780 1622 898 1690 funesta
922 1623 1038 1704 pertica
1057 1640 1122 1685 esse
1144 1622 1272 1684 circnm-

201 1710 341 1788 scriptnm
364 1708 418 1781 (ci.
439 1724 505 1794 cap.
525 1707 581 1786 3.).
623 1709 683 1784 At,
705 1708 800 1788 primo
829 1708 962 1790 quidem,
989 1709 1054 1790 quis
1075 1706 1192 1771 tandem
1216 1707 1270 1772 de·

202 1796 393 1868 monstrauit,
422 1794 570 1855 coloniam
598 1791 680 1855 ibam
709 1793 844 1856 Iuliam
874 1794 907 1862 G.
929 1794 1065 1859 (laesuris
1092 1809 1147 1856 neo
1174 1795 1270 1874 ipsius

203 1880 357 1946 Octauiani
377 1879 491 1944 luisset
533 1879 608 1944 Nam
625 1879 760 1943 Frontini
778 1880 857 1944 libro
880 1881 998 1944 omnino
1017 1896 1077 1944 non
1097 1896 1271 1942 commemo·

201 1975 302 2067 ratur..
341 1965 394 2029 Sin
418 1964 588 2068 Octauiani:
617 1975 647 2030 et
665 1967 754 2030 Plinii
776 1969 987 2067 testimonium,
1009 1983 1067 2048 qno
1087 1966 1269 2066 Hispellates

201 2050 1270 2221 tibitibilitibllllblllt,titilibtttllllltl

202 2240 228 2286 c.
250 2227 319 2302 46.)
341 2225 485 2301 conuenit,
504 2226 555 2306 qui
575 2224 739 2307 prinprem
761 2226 895 2291 colonias
916 2245 936 2289 a
957 2244 989 2290 sc
1011 2225 1150 2288 deductas
1171 2225 1270 2307 publi·

202 2309 246 2373 cis
272 2309 414 2390 operibus
442 2320 471 2374 et
495 2311 690 2390 uectigalibus
718 2309 757 2376 ed
781 2310 946 2394 aagendam
974 2329 1075 2375 earum
1097 2309 1270 2390 dignitatem

200 2395 388 2478 plurifariam
408 2396 582 2459 instruxisse
601 2398 711 2462 refert:
732 2417 828 2480 reque
850 2398 1026 2462 imminutum
1047 2405 1157 2477 poetae
1176 2398 1272 2460 nostri

200 2481 409 2565 patrimonium
443 2481 613 2564 qnisquam,
643 2493 732 2565 puto,
764 2485 968 2548 admirabitur.
1025 2481 1087 2546 Sed
1119 2492 1151 2545 ut
1182 2483 1270 2546 etiam

202 2585 223 2631 a
242 2565 318 2629 lulio
338 2566 468 2632 Caesare
489 2567 644 2632 deductam
666 2570 813 2634 coloniam
832 2568 992 2646 concedas,
1014 2569 1085 2650 qnid
1106 2569 1171 2632 istis
1190 2568 1271 2645 „du-

203 2653 247 2715 ris
267 2652 374 2716 ltaliae
394 2655 601 2736 temporibns“
622 2664 673 2719 aut
698 2657 796 2737 pietas
819 2655 974 2722 Octauiani
995 2663 1046 2717 aut
1066 2671 1272 2736 possessorum

200 2738 372 2802 innocentio
397 2738 436 2801 ad
465 2739 622 2803 arcendam
645 2741 767 2807 militum
794 2743 852 2808 tim
880 2750 911 2805 et
936 2741 1086 2806 licentiam
1114 2739 1273 2821 profuerit,

199 2824 301 2906 palem
326 2824 487 2906 loquuntur
513 2827 667 2892 historiae.
711 2828 757 2893 Gi.
777 2828 838 2891 loci
863 2825 1271 2903 coss.1tiun.xbv11,14.

200 2910 343 2987 XLVlll,
370 2915 402 2975 6.
425 2916 454 2976 7.
478 2915 509 2978 8.
551 2915 689 2994 Appiam„
703 2913 781 2978 Bell.
805 2913 868 2978 (liu.
893 2912 936 2987 V,
961 2928 991 2992 p.
1013 2913 1084 2975 676.
1103 2914 1176 2975 ote.
1196 2914 1271 2976 686.

202 2996 310 3060 Omnes
328 2998 403 3060 enim
417 2997 524 3062 ltaliae
539 3001 608 3078 agri
626 3001 735 3080 passim
752 3008 820 3062 tuno
839 2995 1065 3077 diripiebantur.
1107 2996 1272 3060 Praeterea
1375 3057 1389 3080 ‚

200 3079 374 3164 Propertius
395 3101 492 3165 neque
514 3084 580 3165 ipse
600 3093 756 3149 ueteranus
778 3084 834 3145 luit
859 3099 956 3163 neque
976 3082 1075 3144 coloni
1098 3082 1272 3146 Caesariani

200 3166 288 3230 iilius.
330 3170 420 3250 Atqui
440 3169 496 3231 bos
518 3167 653 3249 quidem,
682 3170 709 3232 si
732 3168 819 3231 modo
841 3175 900 3231 tum
921 3167 1048 3249 Hispelli
1077 3167 1207 3244 luerint,
1236 3177 1271 3234 ut

200 3254 338 3335 partibus
360 3254 593 3317 'l'rinmrirorum
615 3253 726 3317 fauisse
747 3255 812 3318 reri
838 3251 934 3316 simile
956 3255 1011 3331 sit,
1036 3262 1153 3318 ueteres
1175 3264 1272 3319 tamen

203 3340 267 3401 eius
283 3339 419 3403 columine
439 3339 602 3420 municipes
619 3339 699 3404 idem
712 3339 831 3416 fecisse,
851 3339 968 3403 minime
986 3341 1127 3421 sequitur.
1168 3340 1273 3422 ltaque

201 3423 230 3487 si
259 3425 338 3489 iorte
366 3426 583 3490 aTriumriris
610 3436 772 3504 augeretur
798 3426 917 3491 colonia
943 3426 1006 3490 siue
1027 3424 1067 3490 ad
1094 3426 1273 3508 supplendas

201 3509 292 3573 ricini
313 3510 414 3592 oppidi
435 3515 532 3575 sortes
554 3512 727 3592 quibusdam
749 3520 831 3577 certe
851 3511 993 3576 militibus
1014 3511 1082 3591 agri
1099 3513 1273 3594 llispellatis

202 3596 395 3676 praecisurae
433 3599 657 3678 assignarentur
688 3597 741 3672 (oi.
768 3597 934 3662 cic.1’lil.
962 3597 1085 3675 11,oo.
1119 3599 1204 3662 Seru.
1233 3598 1274 3661 ad
1398 3599 1405 3616 ⁸

200 3681 287 3759 Virg.
312 3675 418 3762 Eclogss
445 3683 504 3760 tx,
529 3687 566 3761 7,
590 3686 642 3748 26.
682 3683 776 3750 Sicci.
806 3683 907 3749 Flacc.
939 3681 977 3746 de
1008 3682 1119 3746 condit.
1147 3699 1214 3765 agr.
1241 3702 1273 3765 p.

203 3770 256 3831 21.
283 3769 336 3834 25.
362 3769 470 3848 Hygin.
493 3766 531 3832 de
557 3768 667 3833 condit.
689 3787 793 3850 agror.
813 3787 845 3850 p.
868 3770 974 3846 206),
999 3777 1032 3832 ut
1057 3777 1175 3833 reteres
1204 3788 1277 3850 pos·

201 3867 347 3930 sessores,
367 3871 425 3916 non
448 3853 549 3918 coloni
567 3855 787 3938 plecterentur,
807 3863 1034 3918 consentancum
1056 3863 1131 3918 erat.
1175 3855 1275 3932 Quare

202 3955 242 4000 ne
268 3939 311 4003 sic
340 3939 456 4021 quidem
481 3941 669 4023 Propertium
696 3942 776 4004 bona
801 3939 975 4024 patrimonii
1000 3951 1087 4020 parte
1117 3940 1276 4022 spoliatum

204 4041 287 4101 esse,
314 4041 370 4089 neo
398 4027 596 4108 propinquum
617 4026 679 4108 (lli.
699 4026 729 4102 1,
751 4031 808 4105 22,
830 4029 861 4090 7.
883 4025 923 4089 ci.
945 4042 1011 4106 cap.
1032 4025 1079 4103 4.)
1101 4025 1140 4090 ad
1160 4027 1197 4089 Ι..
1216 4028 1278 4088 rin·

203 4109 278 4173 tonii
305 4118 407 4192 partes
434 4113 605 4190 transiisse,
635 4111 686 4196 qui
712 4121 783 4176 tunc
807 4129 971 4194 oppressae
995 4111 1102 4176 ltaliae
1121 4120 1277 4192 patronum

203 4197 321 4258 unicum
341 4214 374 4260 se
394 4197 538 4276 iactaret,
558 4215 623 4263 cum
643 4207 806 4280 temporum
825 4197 1043 4261 conditionibus
1061 4205 1182 4279 pugnat.
1224 4199 1278 4260 At·

202 4298 262 4362 qne
283 4283 330 4346 bis
355 4281 473 4366 quidem
494 4285 593 4350 causis
620 4283 745 4352 adducti
773 4302 893 4363 sumus,
918 4292 951 4349 nt
976 4285 1007 4348 in
1034 4282 1279 4366 interpretatione
