2762 4972
206 365 294 461 &aput
312 393 346 448 V.
381 393 430 446 De'
441 393 616 463 dispositione
636 394 780 448 carminum
797 395 1049 466 Propertianorum.
1106 373 1158 454 85

60 557 193 629 ‘lortius
217 564 314 646 repeti
341 565 606 631 animadvertimus.
651 565 738 646 Quod
764 567 939 651 Propertius
967 572 1033 652 ipse
1061 567 1155 648 signi·

91 653 157 714 ricat
175 650 247 728 (ΙΙΙ,
272 656 301 713 Ι.
322 651 402 730 fin),
431 669 495 716 cum
514 655 546 715 in
568 657 753 718 carminis
781 658 839 718 sui
867 657 992 719 orbem
1017 654 1152 719 redire

91 755 122 801 se
142 737 219 800 uelle
244 736 332 812 dicit,
359 737 436 800 male
466 748 495 803 et
523 758 619 820 paene
646 741 773 804 ridicule
799 741 837 805 ab
862 743 1073 824 interpretibus
1100 758 1152 803 ac·

92 824 197 904 ceptus.
240 824 286 885 lta
314 833 412 886 antem
437 824 491 886 illo
516 825 584 887 loco
607 826 702 903 redit,
728 836 760 891 ut
784 844 849 889 cum
875 829 913 890 ab
937 829 1022 891 initio
1044 826 1151 909 puellis

89 909 248 971 amantibus
277 911 375 989 potius
404 909 540 990 placere,
569 929 655 992 quam
683 931 790 992 magna
816 915 939 976 heroum
963 915 1045 978 iacta
1072 913 1151 976 cele-

89 995 200 1058 brando
226 995 336 1056 lamam
364 1014 509 1075 quaerere
536 1015 568 1058 se
596 998 748 1078 professus
778 1009 874 1075 esset,
899 1010 1054 1083 postponam
1080 999 1149 1062 inde

90 1099 217 1144 arersu
244 1086 295 1144 21.
324 1081 385 1144 alio
415 1082 554 1162 digressa
583 1092 627 1146 est
656 1086 770 1159 oratio,
802 1087 932 1166 puellam
961 1103 1043 1148 snam
1072 1102 1146 1148 sono

89 1167 172 1230 solito
201 1165 415 1230 delectaturam
442 1187 475 1230 se
500 1171 662 1249 promittat.
706 1171 855 1248 Quocirca
882 1173 1007 1235 maxime
1030 1189 1148 1235 errasse

89 1255 153 1315 mihi
179 1253 317 1316 ridentur
338 1255 377 1329 ii,
406 1255 456 1333 qni
478 1272 537 1316 nou
559 1255 711 1318 intellecta
731 1257 882 1320 nouissimi
903 1260 1022 1321 distichi
1043 1256 1148 1322 volun·

86 1348 142 1402 tate
164 1356 228 1400 cum
249 1335 314 1400 hoc'
331 1343 460 1402 carmine
480 1341 643 1422 proximum
666 1341 913 1422 conglutinarent.
956 1346 1031 1409 Nam
1057 1362 1094 1408 ue
1115 1342 1147 1405 id

88 1424 213 1508 peridem,
241 1425 321 1506 quod
350 1427 409 1506 ipsi
437 1427 554 1502 nolunt,
582 1427 726 1502 eliciunt,
757 1439 789 1492 ut
816 1439 921 1509 poeta,
949 1430 1028 1511 quod
1056 1447 1147 1511 supra

86 1512 236 1592 reliquerit
262 1519 478 1590 argumentum,
505 1513 563 1576 iam
589 1513 747 1576 continuet.
789 1515 856 1578 Nou
881 1517 957 1578 enim
985 1517 1146 1579 carminum

88 1599 290 1660 amatoricrnm
305 1601 456 1673 honorem,
478 1599 556 1681 qrrcd
576 1599 672 1680 prima
687 1600 786 1678 elegia
805 1600 981 1678 instituerat,
1001 1620 1074 1686 prae
1095 1617 1145 1662 re·

84 1683 168 1764 liquis
189 1685 335 1764 poematis
356 1684 453 1746 altera
478 1703 595 1766 quoque
615 1684 786 1772 praedicat,
808 1686 861 1748 sed
883 1690 1009 1752 omnium
1030 1687 1145 1769 pariter

5 1813 11 1838 ,-
84 1781 231 1851 poetnrnm
257 1771 505 1834 immortalitatem
532 1771 620 1834 canit.
662 1770 739 1846 Sed,
765 1788 803 1833 ue
825 1774 943 1860 saepius
965 1789 1145 1846 moneamus,

85 1857 141 1917 alia
166 1865 293 1938 poetae,
326 1857 389 1919 elia
417 1857 546 1920 oratoris
578 1855 805 1935 argumentandi
840 1869 884 1922 est
912 1861 968 1923 ris.
1020 1859 1053 1922 ln
1086 1858 1141 1920 illo

86 1945 171 2018 euim,
207 1957 272 2004 oum
300 1959 361 2004 non
390 1960 457 2017 res,
491 1961 568 2026 quac
598 1951 650 2005 aut
682 1943 848 2024 probantur
879 1954 931 2008 aut
964 1945 1142 2022 refutentur,

85 2045 216 2090 summam
245 2029 558 2103 carminiseliiciaut,
585 2028 638 2090 sed
666 2047 769 2093 sensus
797 2038 826 2094 et
850 2030 990 2108 allectus,
1017 2031 1141 2112 quires

84 2114 146 2176 illas
168 2114 217 2177 tel
245 2116 421 2178 comitantur
441 2117 490 2179 rel
510 2124 689 2196 sequuntur,
717 2114 827 2180 similia
848 2127 877 2181 et
899 2116 1033 2203 exempla
1053 2117 1141 2180 nudis

84 2201 257 2280 argumentis
284 2202 415 2265 fortiora
445 2212 545 2264 erunt:
575 2200 738 2264 fortissima
763 2211 861 2265 autem
888 2205 1025 2268 commoti
1051 2204 1142 2266 animi

84 2288 291 2368 experimenta,
315 2297 364 2363 ut,
388 2285 466 2370 quood
493 2289 579 2350 initio
600 2289 716 2368 posuit,
743 2287 880 2367 regando
901 2292 1017 2354 irritum
1038 2290 1140 2354 iaciat.
1179 2353 1183 2362 ,

82 2373 158 2449 Quae
182 2376 384 2454 experimenta
404 2375 430 2434 si
451 2374 565 2438 frustra
584 2374 709 2448 luerint,
731 2390 804 2438 reru
823 2383 856 2438 nt
876 2376 950 2454 sint,
972 2393 1048 2457 quae
1070 2392 1141 2456 prc-

81 2460 224 2540 pusitione
253 2461 472 2537 contineantur,
506 2461 606 2542 utique
638 2459 780 2540 sepelitur.
828 2462 933 2543 ltaque
963 2460 1140 2542 gaudentem

83 2563 193 2626 quoquc
216 2563 249 2608 se
271 2547 458 2627 interpellat,
484 2562 542 2626 quo
564 2546 672 2608 lortius
695 2545 828 2624 gaudere
852 2549 963 2631 possit;
992 2547 1141 2610 dolentem

82 2643 178 2696 contra
204 2640 234 2693 et
260 2641 370 2694 tantum
395 2649 455 2694 nou
480 2631 685 2713 desperantem
711 2633 862 2700 consolari
889 2644 919 2698 et
944 2635 1140 2718 aprcposito

81 2717 221 2780 abducere
244 2718 357 2794 studet,
380 2727 410 2781 ct
430 2718 474 2778 sic
494 2719 526 2779 in
547 2716 682 2797 reliquis.
726 2716 787 2780 Sed
811 2736 972 2800 prorsus
999 2719 1139 2796 eodem,

80 2803 148 2866 nude
170 2802 256 2866 initio
277 2804 393 2879 exierit,
414 2805 578 2867 orationem
598 2801 709 2876 redire,
728 2821 784 2866 uec
803 2803 960 2887 quidquam
982 2806 1051 2869 nori
1073 2821 1141 2867 car·

81 2891 149 2952 nine
171 2900 234 2952 toto
256 2890 334 2952 citici
359 2906 431 2954 raro
455 2907 509 2952 nec
535 2899 657 2972 praeter
680 2887 728 2950 El.
746 2888 778 2965 l,
798 2895 849 2953 20.
870 2891 928 2967 ΙΙΙ,
950 2894 1001 2954 17.
1029 2891 1086 2966 lv,
1106 2892 1139 2954 5.

80 2993 197 3056 unquam
217 2976 360 3039 inuenies.
402 2976 478 3040 Nam
500 2993 538 3038 ne
561 2975 634 3038 illae
659 2971 777 3054 quidem
800 2975 932 3056 elegiae,
958 2995 1035 3059 quae
1057 2984 1140 3040 totae

79 3072 138 3126 sunt
158 3062 348 3126 defensoriac
370 3061 428 3141 (ΙΙ,
441 3067 502 3133 21.
521 3066 572 3124 22.
591 3057 674 3138 22),
693 3063 866 3125 seutentiam
887 3063 1034 3148 principio
1056 3063 1140 3144 posi-

80 3155 132 3210 tam
159 3150 223 3212 sine
250 3149 410 3211 mentatione
434 3147 472 3210 ad
498 3146 586 3210 tinem
612 3147 759 3211 reiiciunt.
808 3148 908 3225 Quare
934 3150 1006 3212 satis
1034 3147 1138 3211 mirari

79 3251 130 3296 nun
150 3253 304 3318 possumus
323 3234 507 3311 Disseninm,
533 3235 584 3314 qui
607 3233 717 3314 (prael.
735 3231 848 3297 Tibull.
868 3253 898 3316 p.
919 3235 1043 3312 LXXI.)
1074 3251 1138 3296 cnm

80 3323 178 3383 mutari
202 3321 396 3401 aPropertic
417 3320 587 3382 sententiam
608 3336 703 3400 requie
729 3320 758 3382 in
782 3321 862 3384 exitu
883 3339 980 3400 neque
1002 3321 1070 3382 aliis
1091 3320 1139 3381 lo·

79 3406 115 3467 eis
142 3407 308 3470 meminisse
337 3425 370 3469 se
394 3405 537 3481 affirmet,
563 3405 590 3468 si
621 3403 743 3467 eandem
772 3417 861 3490 atque
890 3425 944 3470 nos
973 3408 1137 3470 sententiae

78 3494 324 3556 commutationem
350 3491 548 3566 intellexerit,
576 3491 712 3570 profecto
743 3511 803 3554 non
830 3502 918 3571 egeat
946 3493 1136 3556 refutatione.

77 3575 144 3640 llam
164 3580 238 3661 ipsis
260 3579 307 3640 bis
330 3577 514 3642 diuersorum
536 3576 690 3639 affectuum
711 3579 918 3641 certaminibus
940 3597 1053 3643 omnem
1076 3579 1138 3640 ele-

77 3664 182 3740 giarum
209 3672 345 3744 naturam
373 3665 518 3727 contineri
550 3681 642 3744 supra
672 3655 807 3727 ridimns'.
855 3666 1037 3744 Quinimmo,
1071 3683 1137 3726 cum

77 3748 138 3812 iude
164 3751 282 3830 elegiae
309 3752 407 3813 torma
433 3757 575 3814 nascatur
602 3752 767 3830 systematis
789 3750 902 3813 melicis
926 3768 987 3814 non
1010 3749 1138 3812 dissimi-

76 3829 122 3912 lis,
142 3854 266 3916 quorum
287 3833 419 3922 στροφῇ
441 3834 608 3912 exordium,
632 3825 843 3923 ἀντιστρόφῳ
863 3837 990 3900 medium
1011 3853 1138 3912 carmen,

77 3911 188 4007 inpdpi
210 3921 337 4005 deniqne
360 3923 469 3985 exitum
488 3930 570 3986 recte
591 3924 827 4004 compararetis,
847 3923 1014 3986 Disseuium
1037 3939 1136 3986 coram

77 4010 146 4068 reris
174 4009 277 4091 poesis
303 4009 451 4073 iudicibus
480 4006 663 4074 nuclerius
694 4027 782 4089 quam
807 4026 898 4090 supra
925 4010 1034 4071 crimen
1062 4009 1138 4070 Pro-

78 4094 163 4168 pertio
184 4095 346 4175 ingessisse
368 4105 511 4178 apparet,
533 4094 613 4176 quod
634 4097 713 4175 apud
738 4096 815 4157 burc
837 4093 959 4160 allectus
981 4095 1138 4156 dissonan—
1255 4111 1261 4126 ‘

76 4182 115 4237 tes
135 4180 165 4241 iu
186 4184 268 4244 exitu
288 4181 348 4244 nou
370 4183 566 4246 soluerentur.
610 4181 749 4258 eramris
775 4180 850 4242 enim
872 4198 931 4244 uon
954 4198 1083 4259 semper,
1104 4185 1138 4241 ut

77 4263 145 4342 apud
165 4267 333 4344 Tibullum,
358 4269 391 4330 in
420 4268 551 4331 sedatam
580 4269 706 4350 quietem
732 4275 905 4345 transeant,
931 4276 1026 4330 mmcn
1055 4261 1136 4326 baud

74 4344 243 4417 indecentius
271 4353 452 4420 reluctantes
486 4363 576 4419 antea
599 4362 705 4418 ¹motus
734 4350 773 4415 ad
804 4352 891 4417 finem
920 4349 1135 4436 perducantur,
