2834 4972
368 327 459 398 Caput
475 327 523 382 Vl.
558 327 601 382 De
615 324 751 410 Propertii
767 327 911 388 amoribus.
1128 317 1179 396 31

17 453 19 512 3
114 502 200 570 iitnri
227 500 327 578 (Soet.
344 500 411 566 Oct.
431 500 521 579 db),
544 499 577 564 in
602 497 710 584 vulgus
731 499 845 584 cogniti
872 509 986 582 essem,
1011 501 1088 570 banc
1113 507 1179 589 ipse

111 591 252 674 probasse
273 588 435 657 videretur.

492 768 683 855 (lupono
713 769 801 862 vl,
873 783 875 790 ·

414 907 460 960 De
482 907 667 976 Propertii
689 903 873 961 umoribus.
962 920 963 930 ¹

215 1028 496 1109 verumenimvero,
532 1029 670 1114 monium
702 1029 740 1094 de
771 1033 809 1096 iis
839 1033 920 1097 vitae
951 1033 1181 1113 conditionibus,

111 1115 216 1198 quibem
228 1115 381 1198 Propertii
401 1116 499 1181 studia
520 1125 573 1182 aut
591 1125 775 1200 praeparata
792 1127 844 1184 ant
863 1119 968 1185 adiuta
989 1130 1019 1186 et
1038 1133 1183 1206 provectu

110 1203 236 1279 tuerint,
264 1204 339 1267 sutis
363 1203 480 1267 ridetur
505 1202 613 1267 dictum
642 1222 724 1268 esse:
752 1203 792 1268 ad
819 1224 870 1268 eus
891 1209 1101 1272 uanseundum
1126 1219 1182 1287 est,

113 1307 188 1370 quae
210 1305 276 1351 cum
297 1297 409 1354 certem
429 1307 494 1353 eum
515 1288 664 1354 scribendi
684 1291 761 1355 viam
780 1291 936 1356 instituere
953 1295 1125 1372 iussissent,
1142 1295 1182 1359 il·

112 1375 168 1437 lam
188 1393 266 1456 prae
288 1377 396 1439 ceteris
418 1375 528 1439 indolis
548 1387 663 1458 partem
680 1376 833 1454 foverunt,
851 1396 926 1460 qiua,
946 1377 1014 1442 dum
1035 1381 1100 1446 fata
1120 1401 1183 1446 ma·

113 1463 239 1536 nebant,
268 1461 405 1526 dolorum
432 1462 609 1538 remedium,
637 1462 807 1546 aequalium
833 1465 1074 1543 admirationem,
1102 1468 1183 1550 apud

112 1557 249 1629 posteros
277 1557 374 1612 autem
395 1565 502 1612 nomen
526 1550 691 1612 immortale
712 1549 770 1612 sibi
790 1553 1017 1631 comparaverit.
1057 1553 1184 1627 Etenim,

110 1634 159 1698 vel
181 1634 209 1695 si
228 1635 363 1697 omnibus
384 1635 527 1698 historiae
549 1635 724 1699 testimoniis
744 1633 877 1700 destituti
900 1653 1044 1715 essemus,
1063 1641 1131 1703 sola
1151 1641 1183 1704 id

111 1737 265 1802 possennus
292 1720 411 1784 ratione
431 1721 566 1802 assequi,
595 1729 628 1784 nt
654 1739 753 1799 amor,
779 1720 847 1784 dum
870 1721 990 1803 legibus
1012 1727 1098 1806 quasi
1122 1726 1185 1790 rei·

111 1807 252 1889 publicae
271 1808 385 1870 solutus
405 1806 444 1871 ad
467 1825 551 1869 suum
571 1807 726 1870 arbitrium
746 1807 992 1888 circumvagatur,
1008 1813 1183 1893 viribusque

114 1893 250 1955 omnibus
279 1893 405 1956 excultis
428 1894 532 1968 tieret,
564 1903 663 1975 aptam
689 1892 866 1975 facilemque
897 1898 1059 1976 praeberet
1085 1899 1183 1980 poetis

114 1981 276 2042 carminum
303 1977 571 2060 componendorum
591 1980 762 2055 materiam,
783 1998 904 2056 rursus,
929 1980 998 2044 dum
1017 1984 1118 2063 legum
1140 1985 1184 2046 ci·
1210 1993 1213 2008 ’

114 2066 216 2128 vilium
244 2073 273 2128 et
300 2083 413 2128 morum
443 2067 602 2128 severitate
633 2075 783 2129 coartatus
813 2066 844 2127 in
875 2067 976 2130 tristes
1003 2071 1186 2133 ‘matrimonii

113 2151 186 2214 ines
214 2159 267 2214 ant
293 2153 417 2233 propius
443 2161 496 2214 aut
518 2152 638 2232 longius
661 2151 843 2215 imminentes
864 2152 951 2235 quasi
976 2152 1007 2216 in
1028 2174 1117 2218 unum
1138 2156 1186 2220 al·

113 2255 199 2301 veum
217 2235 379 2314 derivatim,
399 2238 495 2300 sterili
513 2238 654 2321 nuptialis
670 2239 808 2300 carminis
830 2238 957 2302 ardicio
979 2240 1046 2304 solo
1066 2242 1184 2318 relicto,

115 2324 280 2404 elegiarum
300 2325 512 2388 amatoriarum
534 2334 638 2388 cantus
659 2324 883 2388 obmutesceret
926 2325 980 2402 Et,
1007 2328 1033 2390 si
1054 2329 1186 2410 quaeda

114 2427 166 2473 res
195 2409 239 2472 sic
265 2411 365 2472 habet.
407 2410 540 2491 Namque
565 2410 735 2490 vigentibus
764 2413 914 2475 civitatum
942 2413 1100 2490 institutis,
1128 2417 1185 2478 llo·

115 2504 201 2559 rente
222 2505 440 2558 casianorum
460 2495 634 2578 disciplina,
655 2495 779 2560 andare
798 2495 973 2578 Cupidinem
994 2501 1073 2582 apud
1091 2500 1186 2566 lirae·

116 2599 169 2644 cos
198 2591 228 2646 et
257 2583 405 2646 amatoria
425 2583 558 2645 carmina
580 2601 599 2646 a
619 2583 696 2646 lauis
718 2582 814 2644 solium
834 2585 955 2646 lenibus
978 2594 1007 2648 et
1032 2585 1186 2651 dissolutis

117 2668 234 2730 aeonis
254 2686 330 2749 prae
349 2668 457 2731 ceteris
475 2669 550 2743 coli,
569 2668 659 2730 medii
678 2667 806 2750 denique
827 2669 907 2751 quod
925 2672 1009 2735 aiunt
1027 2673 1095 2737 aevi
1113 2683 1188 2739 tem·

114 2755 241 2836 poribus
263 2756 341 2817 inter
361 2772 445 2817 arma
467 2763 496 2817 et
519 2754 616 2831 bella,
639 2755 771 2836 quamvis
792 2754 855 2819 ulia
874 2773 931 2838 pro
952 2766 1116 2840 temporum
1135 2779 1188 2825 ra-

115 2842 199 2904 tlane
220 2840 317 2903 forma
339 2839 457 2915 induta,
483 2842 662 2904 reviviscere
678 2840 820 2904 videmus.
863 2841 968 2923 Itaque
989 2845 1016 2908 si
1035 2845 1188 2922 Romanis,

119 2943 177 3008 quo
198 2935 333 3007 tempore
349 2925 451 3005 rigida
472 2929 616 2990 maiorum
628 2926 791 3008 disciplina
808 2928 877 2989 iam
889 2929 939 2990 diu
958 2940 1068 3010 spreta,
1085 2934 1189 2996 matri·

117 3012 248 3075 monium
273 3029 332 3074 non
354 3013 449 3075 solum
467 3013 639 3093 negligere,
664 3031 765 3077 verum
789 3015 878 3076 etiam
897 3012 998 3077 odisse
1020 3025 1050 3080 et
1076 3026 1189 3082 tantum

119 3096 315 3161 desultoriam
341 3097 418 3160 illud
448 3099 566 3161 amandi
596 3117 690 3179 genus
723 3109 862 3181 expetere
894 3102 1077 3182 coepissent,
1108 3103 1189 3166 idem

119 3185 281 3263 contigisse
303 3183 576 3259 animadvertimus,
606 3185 679 3267 quid
705 3195 750 3249 est
778 3187 857 3267 quod
885 3189 1046 3252 miremur?
1089 3189 1190 3254 Caeli-

118 3271 166 3333 bis
187 3271 266 3332 euim
284 3271 363 3334 vitae
385 3269 528 3348 conditio,
551 3281 733 3354 quantopere
753 3273 891 3335 extremis
911 3274 1026 3337 liberae
1044 3275 1190 3357 reipubli-

120 3373 175 3420 cae
196 3357 379 3438 temporibus
401 3355 539 3420 adameta
560 3357 668 3434 fuerit,
688 3357 748 3420 ium
769 3359 836 3421 sola
857 3359 935 3439 legis
957 3359 994 3422 dc
1016 3362 1190 3426 maritandis

121 3442 277 3506 ordinibus
302 3443 383 3506 lutae
403 3443 531 3507 historia
552 3445 625 3508 satis
653 3445 750 3526 possit
776 3443 894 3508 docere.
937 3447 1019 3508 llaec
1040 3448 1116 3510 enim
1141 3448 1191 3515 lex

119 3548 140 3592 a
154 3527 285 3592 &estre
299 3528 461 3593 Octaviano
482 3531 607 3611 primum
626 3531 740 3593 lurstra
760 3539 874 3594 tentate
888 3529 962 3610 (rid.
976 3532 1045 3596 inlr.
1059 3533 1126 3596 Lib.
1136 3535 1191 3598 Ill.

120 3613 327 3696 Gap.1.i‚ut
349 3615 492 3680 exhausto
518 3617 606 3680 bellis
629 3617 735 3679 civium
761 3634 883 3681 numero
907 3618 1129 3700 subveniretur,
1153 3639 1192 3685 ne

117 3700 229 3764 iterum
249 3699 370 3782 quidem
397 3709 506 3782 rogata
531 3719 605 3784 prae
626 3700 814 3766 multitudine
838 3705 1036 3767 recusantium
1061 3707 1192 3787 perferri

120 3788 220 3868 potuit
254 3787 327 3860 (llio
357 3785 440 3851 (lass.
465 3787 548 3864 aiv,
576 3791 627 3852 16.
653 3788 738 3863 LVI,
766 3791 850 3868 ld),
885 3807 981 3872 neque
1016 3800 1091 3868 tum,
1125 3810 1191 3856 cunt

118 3871 235 3954 Papiae
255 3871 416 3954 Poppaeae
438 3874 492 3936 sub
513 3874 691 3937 nominalis
713 3874 832 3939 obviam
855 3876 928 3951 iret,
955 3875 1007 3957 qui
1027 3878 1191 3943 immaturi-

119 3967 184 4022 tate
209 3975 384 4040 sponsarum
409 3958 467 4024 vim
492 3959 570 4039 legis
592 3958 717 4024 eludere
738 3961 951 4043 quaesiissent,
979 3962 1193 4045 abstinuerunt,

120 4045 195 4126 quin
215 4045 351 4123 crebros,
369 4044 500 4126 quamvis
519 4046 730 4110 intermortuos
750 4049 915 4111 excitarent
933 4050 1072 4115 tumultus
1093 4052 1193 4126 (Suet.

120 4131 190 4195 Oct.
211 4147 239 4194 c.
259 4133 344 4211 34),
364 4133 499 4212 Augusto
525 4141 622 4195 autem
650 4131 788 4197 defuncto
814 4134 928 4201 maiore
953 4136 1041 4198 etiam
1067 4137 1112 4212 vi,
1138 4154 1192 4200 nec

17 4277 18 4280 ,
121 4217 189 4280 aine
216 4233 356 4281 successu
387 4217 485 4281 denuo
514 4235 579 4282 eam
606 4217 804 4283 sollicitarent
823 4218 912 4299 (Tac.
934 4223 1010 4284 Anu.
1032 4221 1092 4299 111,
1115 4223 1193 4303 25.),

27 4377 31 4388 Ι
119 4310 176 4368 aut
207 4303 301 4373 uariis
335 4303 631 4389 interpretationibus
660 4305 801 4371 tollerent
830 4305 920 4382 (Tac.
941 4306 962 4370 1.
979 4307 1001 4370 l.
1021 4306 1092 4384 XV,
1114 4311 1190 4387 le).
