2762 4972
210 341 297 412 Caput
313 340 346 397 V.
380 339 423 396 De
440 340 614 412 dispositione
632 343 779 398 carminum
797 345 1041 416 Propertiauorum.
1110 335 1161 414 95

97 517 189 600 nequ'e
218 534 253 579 aa
281 513 416 580 modeste
449 516 513 579 siue
542 515 644 581 alienu
677 518 790 580 auxilio
824 519 908 586 15115
940 522 1046 602 possit.
1096 525 1163 588 Hoc

97 614 310 684 argumentum,
341 601 420 685 qnod
450 623 496 668 rr.
525 607 676 667 27-46.
697 623 808 686 purum
838 615 868 669 51
894 608 1040 688 iutegnrm
1067 628 1163 691 appa·

94 701 216 765 ret„rr.
238 692 390 754 47-54,
412 691 520 751 sensim
541 707 605 752 oum
628 691 708 753 exito
728 692 844 772 perteni
866 705 1001 774 coeptum
1023 705 1082 772 est,
1110 696 1162 779 qni

95 778 236 858 reliquum
263 794 382 838 carmen
409 777 534 858 implens
559 776 808 856 (11.55-93.)
833 779 877 841 115
907 791 1055 844 certamen
1085 780 1163 846 illud

95 863 251 945 componit,
281 871 314 925 ut
340 863 464 924 amicum
487 862 525 924 ad
548 864 683 944 exemplo
708 866 870 946 peritorum
900 866 931 927 iu
959 885 1060 929 amore
1081 870 1164 932 1115-

94 969 161 1025 rum,
185 948 330 1030 imprimis
352 958 450 1011 antem
471 947 509 1010 ad
531 949 624 1029 ipsius
646 948 794 1030 Propertii
818 951 972 1033 applicare
994 973 1027 1017 sa
1047 953 1161 1020 iubeat.

94 1037 170 1100 llaec
200 1036 293 1115 igitur
321 1036 477 1098 universae
509 1036 566 1097 erit
597 1034 801 1116 dispositionis
829 1037 943 1116 figura:
970 1040 1006 1102 A.
1031 1044 1163 1106 1—26.

94 1123 125 1186 Β.
148 1125 299 1187 27-46.
320 1114 367 1184 B'.
386 1125 440 1185 47.
460 1118 493 1184 (1.
512 1124 565 1184 48.
586 1121 620 1183 Β.
635 1127 688 1186 49.
711 1121 742 1184 G.
757 1127 809 1187 50.
833 1124 868 1186 Β.
887 1126 1038 1190 51-54.
1060 1126 1092 1190 (1.
1108 1129 1164 1192 55.

96 1209 130 1271 ad
150 1207 200 1272 tiu.
223 1246 267 1258 --
317 1207 404 1285 Quod
434 1216 533 1271 autem
562 1206 715 1290 deceptum
746 1208 871 1271 exordio
900 1210 1042 1275 lectorem
1070 1213 1164 1278 facile

95 1296 178 1358 alium
210 1295 319 1358 exitum
349 1294 504 1376 requirere
535 1293 677 1369 diximus,
709 1295 767 1358 lroc
794 1296 906 1376 Lyncei
937 1300 1060 1362 amantis
1091 1317 1165 1362 cou-

94 1381 201 1445 ditioue
230 1381 412 1444 declaratur.
461 1380 555 1455 Huius
584 1381 660 1443 euim
689 1383 785 1445 amori
813 1400 876 1445 cum
904 1385 1031 1463 pertidia
1058 1396 1165 1449 contra

95 1470 214 1530 amicum
235 1476 315 1531 55551
335 1466 474 1542 admixta,
497 1466 651 1530 exordium
670 1467 765 1547 ipsum
787 1469 966 1550 tripartitam
988 1470 1165 1535 divisionem

96 1556 231 1617 carminis
257 1555 370 1634 integri
396 1555 491 1615 instar
514 1553 633 1635 accipit.
675 1554 817 1618 Versibus
845 1557 921 1618 enim
945 1559 1073 1622 1—12.
1098 1576 1165 1622 co-

95 1650 200 1704 natus
233 1640 292 1703 iste
322 1641 519 1720 improbus
551 1641 716 1703 continetur
743 1641 818 1719 (5.),
844 1660 890 1706 rr.
919 1645 1066 1710 13-211.
1096 1644 1165 1708 do-

97 1727 154 1790 lor
173 1727 329 1809 Propertii
354 1725 423 1788 inde
444 1734 539 1789 motus
563 1726 638 1804 (b.)‚
658 1745 704 1789 rr.
727 1725 854 1810 denique
876 1731 1025 1794 21-26.
1048 1728 1087 1792 ad
1109 1750 1165 1812 pa-

96 1829 153 1876 551
178 1830 341 1876 conuersus
370 1821 462 1896 poeta
488 1813 601 1875 erranti
628 1814 811 1892 ignoscit.
853 1814 929 1877 Hinc
952 1815 1067 1879 demum
1092 1835 1164 1898 pars

96 1901 184 1962 altera
208 1900 290 1978 (Β),
310 1917 370 1980 qua
392 1916 497 1961 severa
515 1899 628 1978 Lyncei
648 1897 762 1975 studia,
789 1909 891 1980 utpote
913 1901 987 1964 nihil
1007 1902 1037 1964 in
1062 1920 1173 1968 amore.

95 1986 224 2049 iurantia
241 1995 396 2061 tonantum
419 2003 478 2066 qua
498 1994 584 2065 parte
606 2002 661 2066 per
681 1985 865 2068 frequentem
885 1986 1051 2051 allrrmandi
1072 1990 1166 2052 alter·

94 2073 136 2135 uis
155 2072 272 2135 ricihns
295 2081 324 2135 ct
344 2071 477 2150 negandi
495 2071 652 2140 formulam
670 2071 744 2134 levis
768 2071 883 2152 elegiae
904 2075 1004 2153 poesis
1022 2075 1081 2154 (b.)
1100 2094 1166 2139 curu

96 2160 232 2238 grauiore
255 2158 363 2238 tragici
385 2167 415 2220 et
437 2157 514 2240 epici
541 2159 662 2237 generis
683 2159 774 2222 Musa
795 2159 851 2242 (5.)
875 2170 1079 2241 comparatur,
1107 2164 1166 2226 hoa

96 2245 212 2310 ordine:
248 2264 276 2307 a.
304 2247 456 2308 26-28.
488 2246 515 2306 b.
540 2247 692 2309 29-38.
723 2263 750 2307 a.
775 2249 925 2310 39-41.
958 2247 987 2310 b.
1013 2251 1166 2314 42-44,

97 2350 122 2394 5.
139 2334 191 2394 45.
209 2333 264 2394 46.
309 2330 384 2393 Huic
406 2338 503 2393 autem
523 2331 603 2415 porti
626 2329 773 2412 quomodo
794 2335 1167 2416 5511546-54551-

99 2419 189 2480 oratio
213 2419 254 2480 sit
274 2433 361 2494 uena,
382 2417 514 2481 vidimus.
558 2418 598 2480 At
619 2437 656 2480 ne
676 2418 751 2480 lraec
771 2417 837 2498 ipsa
858 2418 975 2499 quidem
994 2419 1168 2501 dispositio-

97 2504 138 2566 nis
157 2514 224 2567 arte
245 2512 337 2566 caret.
381 2503 455 2566 Nam
478 2502 563 2564 initio
583 2502 640 2581 (rr.
658 2505 742 2568 55-
755 2505 822 2585 611.)
847 2516 1015 2569 5511155155
1040 2517 1069 2570 51
1086 2509 1177 2570 ritae,

98 2608 164 2652 snae
188 2599 217 2654 et
238 2589 376 2668 carminis
393 2591 525 2651 rationes
547 2590 589 2650 ita
607 2588 799 2673 commendat,
818 2600 850 2654 ut
871 2593 916 2652 lris
937 2611 1018 2654 snam
1038 2594 1167 2673 gloriam

98 2693 205 2739 omnem
228 2674 340 2738 dehere
363 2693 395 2738 se
416 2676 494 2738 uelle
514 2675 690 2755 profiteatur
712 2677 781 2754 (5.).
826 2677 912 2753 Quod
935 2679 961 2738 si
982 2679 1081 2742 diriuo
1098 2681 1168 2744 Vir-

98 2763 160 2841 gilii
188 2763 277 2842 operi
304 2763 446 2824 maiorem
473 2762 581 2824 lamam
608 2779 704 2843 aequa
727 2763 851 2824 concedi
876 2781 961 2825 nemo
991 2765 1030 2830 sit
1058 2766 1170 2828 1511115-

97 2857 175 2911 turns
193 2849 237 2924 (b.
252 2850 486 2924 rr.tit—titt.),
503 2848 597 2928 ipsum
619 2860 716 2911 tamen
727 2849 884 2928 Virgilium
905 2849 1019 2914 leniore
1033 2851 1094 2918 lroc
1114 2870 1170 2932 ga·
1274 2910 1277 2916 ,
1349 2834 1351 2837 ’

97 2953 165 2999 nere
194 2935 245 2998 rix
274 2934 539 3016 15155551511511.ι
579 2934 671 2998 Vides
702 2936 796 3014 igitur
825 2938 934 2999 exitum
956 2936 1010 3014 (5.)
1038 2936 1077 2999 ad
1103 2956 1169 2999 eam

99 3040 182 3102 quam
202 3030 403 3102 proposuerat
423 3020 672 3098 sententiando.)
696 3021 740 3084 ita
763 3030 828 3084 arto
851 3041 953 3084 rursus
980 3022 1170 3100 circumduci,

98 3117 127 3170 ut
147 3117 216 3190 post
234 3106 358 3187 Virgilii
378 3106 484 3170 landes
507 3125 526 3168 a
546 3108 684 3171 Varrone
707 3109 850 3170 memoria
870 3109 1000 3189 repetita
1022 3128 1078 3191 per
1099 3111 1172 3172 reli-

100 3212 154 3274 qua
170 3192 291 3258 uomina
313 3191 352 3255 ad
373 3212 428 3255 sua
447 3194 554 3255 iterum
574 3203 709 3275 tempora
726 3192 897 3270 descendat,
918 3213 968 3257 eos
990 3205 1087 3258 autem
1104 3214 1174 3259 rer·

101 3298 166 3355 sus,
194 3280 301 3361 quibus
324 3297 356 3342 55
381 3280 476 3363 ipsum
500 3279 562 3342 illis
588 3281 687 3362 poetis
715 3278 816 3356 addit,
846 3291 994 3363 tamqnam
1019 3283 1173 3362 fastigium

100 3367 220 3428 carmini
242 3368 389 3449 imponat,
411 3369 604 3446 arrogantiae
623 3367 717 3430 solum
738 3369 866 3449 speciem
885 3367 1049 3433 modestiae
1071 3369 1174 3432 colore

102 3454 268 3515 emendans.
320 3452 457 3516 Ceterum
491 3454 517 3515 si
546 3455 612 3533 quis
644 3453 776 3534 singulas
805 3456 912 3518 iterum
938 3455 1025 3518 nutus
1055 3456 1173 3536 elegiae

100 3548 199 3619 partes
220 3547 358 3602 excutere
381 3547 410 3601 et
430 3538 469 3601 ad
489 3557 572 3601 suum
588 3559 733 3622 quamque
753 3541 850 3602 locum
870 3541 987 3604 relerre
1007 3543 1176 3618 tentaverit,

100 3634 208 3688 tautam
237 3625 441 3706 dispositionis
468 3627 643 3690 uarietatem
673 3635 831 3706 agnoscet,
861 3636 1000 3710 quantam
1028 3629 1059 3690 iu
1088 3629 1173 3693 nullo

102 3711 160 3774 alio
184 3712 323 3774 carmine.
368 3710 452 3775 Unde
473 3713 670 3775 continentiae
697 3710 862 3776 admonitos
887 3732 920 3777 se
946 3714 1115 3793 intelligant
1140 3716 1174 3791 ii,

103 3798 151 3876 qui
179 3797 347 3880 ubicunque
375 3807 550 3877 argumenta
578 3818 634 3880 per
660 3817 693 3860 se
720 3799 886 3878 incongrua
913 3801 999 3862 nnius
1028 3803 1174 3882 poematis

103 3884 211 3947 ambitu
240 3884 383 3946 contineri
411 3881 674 3948 animadverterint
704 3903 759 3947 uec
785 3885 866 3948 relnt
891 3884 930 3948 ad
956 3887 1104 3949 rubricam
1130 3887 1177 3949 di-

103 3971 176 4035 recti
197 3970 336 4034 carminis
358 3971 491 4033 ratioues
512 3971 608 4052 prima
630 3971 726 4032 statim
747 3971 845 4034 fronte
866 3974 1091 4052 perspexerint,
1112 3983 1176 4036 tur-

105 4053 202 4119 batum
237 4054 353 4137 aliquid
384 4056 467 4118 illico
500 4066 551 4120 ant
579 4077 598 4119 a
632 4057 757 4121 librario
789 4067 855 4132 aut,
890 4058 969 4138 quod
1000 4060 1085 4141 peius
1120 4068 1175 4134 est,

105 4152 232 4223 apoeta
254 4145 420 4224 opinantur.
464 4143 569 4223 Neque
591 4143 665 4206 enim
688 4144 713 4204 si
736 4145 765 4206 iu
788 4144 970 4206 exercituum
992 4144 1176 4207 decursioni-

104 4223 157 4289 hns
188 4229 262 4292 solvi
289 4230 368 4292 acies
392 4240 421 4292 51
447 4229 505 4292 huc
528 4230 600 4292 illuc
629 4239 739 4292 temere
765 4229 917 4312 trepidare
946 4231 1057 4310 singuli
1084 4249 1176 4312 saepe

104 4312 253 4394 ridentur,
274 4317 420 4379 incuriam
440 4315 525 4380 ducis
547 4325 600 4380 aut
620 4316 744 4379 militum
764 4317 913 4380 inscitiam
934 4317 993 4379 uisi
1020 4317 1175 4400 imperitus
1279 4339 1291 4346 ·
