2822 4976
244 387 287 452 08
546 381 758 452 PROPERTH
778 379 841 446 ΕΙ..
859 382 904 460 ll,
925 381 956 445 4.
975 379 1005 446 5.

247 568 273 614 1⁶
288 555 375 622 Nam
396 557 450 622 cui
472 573 536 622 non
559 573 624 643 ego
647 573 719 620 surr
741 553 853 622 fallaci
873 551 1020 638 praemia
1040 547 1137 617 vati?

332 656 427 741 Quae
448 674 521 723 mea
542 675 606 724 non
629 655 743 723 decies
765 657 891 722 somnia
913 658 1030 720 versat
1050 647 1159 718 anus?

287 759 406 828 Hostis
428 765 459 828 si
480 765 554 848 quis
573 763 637 828 erit
655 763 768 844 nohis,
789 764 877 826 amet
896 757 951 838 ille
973 757 1116 844 puellus:

332 857 486 927 Gaudeat
506 863 540 928 in
562 878 681 946 puero,
703 862 734 925 si
756 861 830 944 quis
852 859 977 922 amicus
1000 859 1073 922 erit.

261 1021 264 1030 ,
287 960 476 1048 Tranquillo
498 969 570 1029 tuta
590 962 769 1030 descendis
790 962 920 1028 flumine
940 959 1074 1045 cymba:

245 1075 272 1121 ¹⁰
334 1062 420 1147 Quid
441 1067 501 1132 tibi
520 1073 588 1132 tarn
609 1067 704 1153 parvi
727 1066 833 1132 litoris
853 1062 941 1128 unda
963 1057 1086 1130 uocet?

288 1165 385 1233 Alter
405 1185 508 1254 saepe
527 1187 591 1234 uno
613 1172 718 1234 mutat
739 1163 933 1252 praecordia
954 1163 1069 1243 verbo,

330 1267 447 1335 Altera
468 1271 527 1335 vix
546 1272 619 1358 ipso
642 1270 806 1358 sanguine
826 1267 933 1334 mollis
952 1267 1025 1333 erit.

756 1461 800 1536 V.

287 1578 386 1667 Hoc
405 1620 520 1670 verum
542 1611 612 1689 est,
632 1611 704 1672 tota
723 1601 760 1669 te
779 1601 876 1686 torri,
896 1597 1055 1686 Cynthia,
1076 1600 1193 1684 Roma,

328 1701 376 1771 Et
396 1726 461 1773 non
482 1711 597 1794 ignota
618 1711 736 1774 vivore
757 1700 928 1791 neqrritia‘l

286 1800 382 1871 Haec
401 1812 506 1874 merui
527 1805 688 1895 speraret
711 1807 807 1872 dabis
830 1806 927 1888 mihi,
947 1803 1090 1890 perfida,
1111 1824 1253 1892 poenas:

329 1905 378 1974 Et
398 1913 493 1976 nobis
515 1913 642 1998 aliquo,
664 1909 824 1996 Cynthia,
845 1914 967 1974 ventus
991 1909 1062 1974 erit.

255 2001 457 2075 ⁵1nveniam
477 2018 588 2077 tamen
608 2030 628 2076 e
648 2012 758 2077 multis
778 2009 953 2076 fallacibus
975 2026 1083 2093 unam,

231 2157 233 2160 -
329 2107 424 2202 Quae
443 2114 513 2179 lieri
535 2116 814 2180 nostro‘carmine
834 2118 912 2178 nota
934 2111 1026 2193 velit,

284 2209 358 2278 Nec
379 2213 457 2280 mihi
479 2224 546 2282 tam
570 2216 661 2282 duris
683 2217 820 2284 insultet
840 2214 1002 2298 moribuS,
1025 2219 1059 2279 et
1079 2219 1114 2280 te

326 2316 485 2415 Vellicet3
504 2321 569 2387 beu
591 2341 667 2389 sero
691 2323 784 2388 flebis
807 2326 917 2386 amata
941 2318 1006 2384 diu.

283 2417 381 2486 Nunc
403 2429 456 2490 est
478 2428 529 2492 ira
549 2443 685 2509 recens,
706 2444 793 2492 nunc
815 2432 869 2490 est
888 2420 1061 2489 discedere
1081 2428 1222 2510 tempus:

243 2528 269 2574 1⁰
329 2518 370 2586 Si
391 2519 482 2590 dolor
503 2527 661 2611 abfuerit,
683 2525 801 2610 crede,
821 2521 943 2591 redibit
962 2541 1063 2590 arnor.

283 2621 358 2688 Non
379 2626 426 2692 ita
448 2627 649 2716 Carpathiae
669 2631 803 2694 variant
823 2626 1040 2713 Aquilonibus
1059 2623 1179 2709 undae,

324 2726 398 2794 Neo
421 2729 518 2798 dubio
539 2735 644 2800 nubes
665 2733 806 2798 vertitur
826 2735 900 2795 atra
918 2729 1018 2815 Noto,

272 2826 390 2911 ‚Quam
414 2835 513 2902 facile
537 2839 614 2903 irati
636 2836 739 2902 verbo
761 2839 925 2898 mutantur
947 2838 1114 2898 amantes:

324 2931 411 3000 Durn
432 2936 527 3021 licet,
548 2941 670 3005 iniusto
692 2935 851 3024 subtrahe
873 2935 959 3001 colla
979 2937 1069 3024 iugo.

240 3041 266 3087 1⁵
282 3033 355 3100 Neo
376 3042 411 3102 tu
432 3058 497 3106 non
520 3038 660 3127 aliquid,
683 3040 745 3106 sed
767 3041 871 3126 prima
892 3045 1006 3121 nocte,
1028 3036 1171 3106 dolebis:

325 3135 429 3205 Omne
450 3145 485 3209 in
506 3162 619 3210 amore
639 3145 777 3226 malum,
799 3145 830 3208 si
851 3145 995 3229 patiare,
1016 3143 1093 3210 leve
1115 3149 1178 3211 est.

282 3237 330 3305 At
349 3247 401 3325 tu,
424 3263 482 3329 per
504 3245 655 3314 dominae
675 3247 810 3314 lunonis
835 3245 944 3311 dulcia
964 3247 1038 3310 iura

324 3340 430 3408 Parce
453 3349 518 3412 tuis
540 3351 676 3430 animis,
698 3351 785 3428 vita,
807 3365 927 3413 nocere
947 3348 1016 3413 tibi.

281 3441 356 3509 Non
378 3447 482 3512 solum
508 3455 623 3517 taurus
645 3453 722 3517 ferit
742 3453 836 3516 uncis
856 3449 1008 3516 cornibus
1028 3447 1166 3534 hostem,

238 3554 264 3600 ²⁰
324 3547 446 3615 Verum
470 3555 569 3618 etiarn
590 3555 727 3620 instanti
747 3555 843 3620 laesa
864 3559 1029 3642 repugnat
1047 3555 1133 3619 ovis.

307 3737 350 3792 15.
374 3737 443 3791 Nam
467 3741 530 3808 quoi
555 3759 605 3808 ego
628 3761 681 3798 non
706 3761 765 3797 aum
785 3746 817 3802 G.
845 3743 935 3814 previa
957 3744 990 3800 G.
1079 3747 1121 3797 17.
1145 3742 1169 3797 ri
1192 3745 1254 3815 quid
1274 3749 1303 3803 V.

237 3813 295 3880 ipra
311 3818 346 3868 a.
358 3817 411 3874 Hb.
427 3839 463 3890 o.,
482 3824 528 3876 illc
546 3824 624 3882 Pero.
636 3833 672 3879 11.
692 3829 817 3894 puellam.
879 3830 921 3880 18.
941 3825 1070 3878 Candaei.
1131 3832 1173 3882 10.
1194 3832 1300 3885 deseen-

238 3899 277 3952 dit
296 3902 328 3955 G.
343 3905 378 3955 a.
398 3923 438 3974 ra,
458 3909 596 3964 descendis
610 3915 646 3968 D.
663 3910 774 3962 ssornina
794 3912 826 3964 G.
882 3916 925 3964 20.
944 3910 996 3962 iam
1013 3909 1047 3964 P.
1101 3917 1144 3966 22.
1163 3915 1236 3970 mitis
1254 3921 1285 3972 G.

306 3985 339 4044 V.
378 3989 504 4046 Golraoret
523 4011 580 4050 cam
605 3999 739 4065 superiore
762 4014 806 4064 pr.
824 4014 858 4050 m.
877 3995 931 4052 Hb.
968 4003 993 4048 1.
1014 3994 1066 4066 est]
1085 4014 1108 4053 e.
1127 3997 1182 4056 Hb.
1202 4001 1261 4055 ficri
1275 4019 1298 4060 r.

236 4075 263 4126 3.
282 4072 356 4127 Haec
377 4075 408 4133 7.
432 4081 622 4144 spectarellb.
650 4082 687 4134 nri
706 4082 810 4136 (12110.
878 4085 905 4136 4.
929 4081 1018 4150 aquilo
1036 4099 1132 4139 omoca
1200 4093 1228 4142 6.
1245 4104 1303 4152 errr-¹

235 4155 307 4208 mina
323 4173 347 4214 r.
414 4164 440 4214 8.
461 4163 588 4218 vendicet
604 4169 640 4219 rt.
659 4171 703 4224 M.
724 4171 770 4237 V„
788 4167 905 4221 vindicet
925 4167 1004 4222 Pcrr.
1022 4175 1060 4223 H.
1130 4175 1173 4226 10.
1190 4173 1299 4226 abfuerit

235 4241 270 4294 n.
282 4256 308 4296 a.
320 4241 436 4307 sortasse
448 4245 490 4312 6.,
512 4247 618 4302 alluerit
632 4249 668 4302 Ν.
677 4249 731 4303 Hb.
786 4257 828 4305 11.
844 4250 943 4319 undae]
962 4251 996 4304 ιιῖι
1014 4254 1076 4318 (aie)
1092 4251 1146 4310 Hb.
1164 4275 1169 4286 ¹
1201 4262 1241 4311 12.
1253 4258 1298 4309 dn-

234 4323 331 4379 hiel).
351 4327 432 4381 notho
451 4328 504 4384 Hb.
524 4333 559 4390 Ν,
629 4337 669 4386 15.
687 4351 741 4387 uon
759 4335 799 4389 his
818 4338 850 4393 G.
921 4343 964 4391 20.
983 4338 1088 4393 inflanti
1106 4339 1142 4396 N.
