2848 4972
442 347 654 415 PROPERTII
676 347 738 412 ΕΙ..
757 345 817 426 111,
838 344 870 414 3.
969 445 975 459 .

614 556 616 562 ’
631 521 692 596 III.

169 646 290 732 Visus
313 681 403 732 eram
425 664 511 732 malli
533 664 695 732 recubans
717 663 888 732 Heliconis
915 668 1095 754 iu'umbra,

210 768 478 856 Bellerophontei
499 787 566 854 qua
587 769 657 834 fluit
677 766 792 835 humor
815 773 902 856 equi,

169 873 305 962 Reges,
326 875 431 958 Alba,
448 883 528 942 tuns
551 880 586 941 et
607 893 723 964 regum
744 874 834 942 iacta
854 882 993 962 tucrum,

211 978 353 1044 Tantum
375 981 505 1064 operis,
527 981 642 1044 nervis
664 977 796 1044 hiscere
817 996 920 1065 posse
941 983 1035 1066 meis,

138 1090 152 1136 a
172 1078 349 1165 Parvaque
370 1088 436 1146 tam
457 1083 590 1168 magnis
613 1079 779 1146 admoram
800 1080 945 1148 fontibus
966 1101 1036 1170 cra,

211 1180 309 1248 Unde
331 1189 424 1268 pater
446 1185 564 1250 sitiens
586 1182 717 1249 Ennius
739 1190 817 1251 ante
838 1185 930 1267 bibit,

169 1281 219 1352 Et
240 1288 359 1352 cecinit
378 1285 496 1352 Curius
516 1287 640 1353 fratres
661 1292 697 1352 et
715 1286 856 1353 Horatia
878 1288 957 1373 pila,

212 1388 389 1477 Regiaque
410 1390 553 1455 Aemilia
572 1395 672 1454 vecta
693 1395 829 1475 tropaea
849 1395 933 1472 rate,

170 1480 401 1578 victricesque
422 1510 532 1558 moras
550 1493 648 1558 Fabii
668 1509 878 1579 pugnamque
900 1493 1070 1562 sinistrum

126 1607 154 1652 1·
214 1593 423 1662 Cannensem
446 1605 483 1664 et
501 1613 621 1661 versus
643 1594 686 1660 ud
707 1597 762 1680 pia
782 1601 862 1660 vcta
882 1594 975 1680 deus,

169 1699 455 1787 Hannibalemque
476 1701 583 1766 Lares
605 1700 757 1766 Romana
779 1698 863 1765 sede
886 1699 1056 1789 fugantes

213 1803 357 1870 Anseris
380 1811 415 1872 et
436 1810 539 1871 tutum
560 1821 646 1870 vuce
666 1802 774 1868 inisse
795 1801 923 1868 lovem:

172 1903 255 1974 Cum
277 1926 330 1974 me
351 1906 503 1976 Castalia
523 1906 701 1994 speculans
724 1925 769 1972 ex
791 1907 909 1973 arbore
931 1905 1087 1975 Phoebus

216 2010 277 2078 Sic
298 2014 364 2096 ait,
386 2021 504 2080 aurata
523 2015 623 2078 nixus
645 2009 688 2076 ad
710 2018 806 2075 antra
824 2009 908 2094 lyra.

127 2127 155 2172 1⁵
171 2113 288 2199 „Quid
308 2117 372 2184 tibi
391 2136 465 2183 cum
486 2117 562 2197 tali,
585 2115 740 2194 demens,
763 2120 817 2180 est
840 2110 996 2182 fluminei
1018 2116 1093 2202 quis
1114 2123 1150 2185 te

216 2213 380 2282 Carminis
402 2215 496 2284 heroi
516 2222 658 2305 tangere
677 2217 778 2281 iussit
799 2212 908 2302 opus?
1091 2293 1092 2298 .

170 2317 247 2384 Non
269 2317 324 2384 bic
343 2319 411 2383 ulla
432 2319 492 2384 tibi
513 2316 679 2404 speranda
701 2323 755 2384 est
776 2317 879 2399 fama,
901 2319 1071 2406 Properti:

212 2420 327 2488 Mollia
346 2427 424 2486 sunt
446 2423 560 2507 parvis
583 2430 681 2506 pratu
702 2420 842 2486 terenda
863 2425 957 2508 rutis,

172 2525 219 2594 Ut
238 2532 315 2591 tuus
336 2525 370 2591 in
392 2542 527 2591 scamno
549 2525 693 2590 iactetur
712 2539 816 2610 saepe
837 2524 981 2612 libelluS,

129 2642 157 2688 aa
217 2627 323 2713 Quem
344 2627 437 2715 legat
458 2634 643 2714 expectans
666 2625 738 2692 suia
760 2628 867 2712 puelia
889 2631 1005 2700 virum.

174 2729 242 2798 Cur
265 2735 322 2796 tua
342 2731 548 2815 praescripta
570 2735 710 2795 sevecta
731 2735 785 2794 est
807 2732 931 2818 pagina
951 2731 1064 2824 gyro?

218 2834 292 2900 Non
316 2840 370 2898 est
389 2834 516 2921 ingenii
537 2832 656 2917 cymba
676 2830 851 2920 gravanda
872 2835 930 2900 tui.

174 2937 272 3007 Alter
294 2954 404 3002 remus
427 2953 551 3022 aquae,
573 2934 660 3002 alter
679 2937 739 3003 tibi
761 2933 859 3003 radat
880 2955 1018 3004 arenas:

217 3043 324 3108 Tutus
346 3042 430 3105 eris:
452 3038 560 3124 medip
581 3041 724 3105 maxima
743 3039 840 3104 turba
860 3042 943 3106 mari
963 3043 1052 3108 θεῖά(

131 3154 159 3201 2⁵
177 3143 340 3226 Dixerat,
363 3150 397 3208 et
419 3143 543 3228 plectra
564 3141 679 3209 sedem
698 3141 776 3207 mibi
798 3151 959 3210 monstrat
979 3147 1114 3233 eburno,

220 3246 294 3329 Qua
314 3265 402 3313 nova
424 3265 579 3312 muscoso
602 3249 721 3313 semita
741 3247 832 3312 iacta
854 3249 928 3314 sclc'
949 3256 1012 3317 est.
1088 3277 1089 3280 ¹
1129 3259 1132 3266 '

174 3351 240 3422 Hic
261 3363 334 3420 erat
355 3351 467 3416 aisrxis
488 3351 607 3418 viridis
629 3350 789 3438 spelunca
809 3353 942 3436 lapillis,
1080 3338 1082 3346 ’

218 3453 477 3540 Pendebantque
498 3458 594 3521 cavis
614 3461 771 3542 tympana
792 3457 985 3550 pumicibus.
1018 3511 1023 3522 ,
1116 3521 1123 3531 ,

200 3651 259 3720 111,
279 3659 304 3708 1.
321 3651 403 3705 Nisus
420 3655 451 3706 P.
502 3659 528 3708 2.
547 3655 738 3710 Bebaroioutei
755 3655 820 3727 Ha,
841 3657 1011 3711 elleforoutei
1028 3664 1064 3716 N.
1116 3664 1143 3718 5.
1160 3663 1209 3714 ad·
1278 3715 1280 3730 ,

134 3735 243 3788 mittens
260 3735 300 3790 Μ.
369 3739 397 3792 6.
415 3735 501 3788 sciens
519 3741 555 3790 N.
578 3736 628 3788 ibit
645 3739 682 3797 N.
751 3745 778 3793 7.
800 3739 883 3793 cecini
901 3741 931 3792 P.
957 3741 1044 3795 corios
1062 3745 1098 3798 N.
1124 3747 1211 3798 cratia

137 3824 170 3878 G.
186 3837 212 3874 r.
280 3825 307 3878 8.
327 3821 445 3891 aemilia]
465 3823 538 3874 milia
555 3825 592 3876 N.
618 3823 706 3894 vecta]
724 3827 805 3879 verba
826 3827 855 3882 V.
882 3825 1008 3894 trophaea
1028 3831 1061 3886 G.
1078 3832 1128 3899 A„
1155 3839 1211 3884 tro-

132 3907 203 3978 phea
220 3911 255 3962 It.
280 3914 354 3961 ratae
375 3911 408 3963 G.
488 3914 529 3966 lt).
554 3911 704 3964 Cannesenr
720 3911 774 3965 Hb.
800 3927 890 3964 versos
910 3913 972 3981 apia
989 3919 1027 3969 N.
1110 3925 1152 3975 11.
1172 3921 1212 3970 ia·

133 3992 189 4045 cies
205 3995 251 4061 N.‚
270 3996 354 4046 lacrea
371 3991 435 4062 Hb„
454 3996 555 4048 alacres
567 4002 605 4049 Η.
625 4012 734 4048 romana
753 4014 769 4050 a
786 3999 850 4049 aede
868 4000 902 4052 D.
972 4007 1014 4058 13.
1031 4008 1156 4072 spectans
1172 4011 1210 4058 Η.

135 4077 176 4127 14.
195 4091 287 4128 versus
304 4077 339 4126 Β.
400 4080 443 4133 15.
460 4076 519 4145 quis
538 4094 569 4131 ve
585 4096 610 4136 r.
669 4085 710 4136 16.
728 4081 828 4133 heroici
845 4084 885 4136 M.
938 4087 982 4162 21.
1002 4085 1148 4154 perscripto
1165 4089 1212 4156 Μ,

134 4177 281 4246 proscripto
294 4179 334 4230 Μ.
353 4179 451 4233 aeiectu
470 4181 500 4251 P,
519 4185 560 4234 est
577 4199 628 4239 cur.
640 4181 694 4236 Hb.
715 4163 774 4253 iiiuc
790 4183 853 4253 (sic)
865 4190 910 4254 N„
932 4187 999 4239 libro
1011 4191 1049 4240 H.
1101 4193 1144 4240 23.
1163 4188 1213 4242 ba-

134 4279 212 4316 renas
233 4265 264 4315 G.
284 4269 319 4316 N.
396 4269 439 4319 24.
459 4274 499 4319 est
517 4285 567 4322 cm.
585 4272 623 4321 H.
698 4272 740 4323 2⁵.
760 4272 846 4338 pietro
862 4289 887 4330 r.
955 4278 1000 4327 26.
1018 4275 1079 4328 Quo
1097 4279 1134 4326 N.
1154 4289 1212 4328 nru-

135 4349 208 4400 scuia
222 4349 253 4402 G.
274 4349 330 4402 sole
347 4365 371 4404 c.
390 4357 431 4404 est
450 4367 500 4406 cnr.
512 4357 551 4420 H.
613 4357 657 4409 27.
674 4354 733 4412 crit.
803 4359 846 4414 28.
864 4357 937 4410 canis
955 4383 989 4394 -
1008 4356 1146 4425 punicibur
1159 4358 1212 4414 Hb.
