2834 4972
211 386 264 469 36
537 392 732 456 Quaestionum
748 390 831 448 Liber
847 389 959 463 primns.

214 577 326 646 homiui
354 571 501 656 gerebant
522 568 577 646 (cl.
597 569 693 632 instar
717 565 845 629 omnium
865 564 996 630 Beckeri
1019 562 1134 630 Callum
1155 563 1230 631 linc.
1252 563 1293 629 ab

217 667 267 730 Sc.
286 661 362 737 Xll,
380 679 411 742 p.
431 663 504 723 272.
525 659 616 738 sqq.).
659 655 735 718 ilinc
758 651 845 715 simul
864 653 1020 716 maximum
1041 659 1145 715 contra
1168 669 1219 716 ecs
1242 672 1294 716 ar·

217 756 383 831 gementum
410 741 568 827 petendum
600 749 662 818 est,
697 739 748 821 qui
785 738 907 819 generis
939 740 1121 802 honestatem
1148 737 1293 818 Cynthiae

105 855 108 861 ·
217 835 371 901 uindicare
397 831 482 893 unice
509 827 634 891 student.
676 827 782 906 Neque
811 824 886 887 enim
912 825 1011 889 cultus
1039 842 1111 887 sace
1140 826 1293 902 honestus,

220 926 431 1070 ῳιυὶέιοὲἓιυ
464 916 545 979 elata
580 922 638 979 est.
691 911 768 975 Nom
805 908 843 973 de
878 910 936 974 boc
975 911 1193 994 interpretandi
1227 921 1296 976 sunt

219 1019 292 1073 us·
328 1050 337 1069 .
403 1049 410 1064 .
589 1019 598 1030 ’

356 1165 357 1168 Ν
390 1101 566 1221 taccu
581 1094 1090 1231 υυυ,υυυυυυυν·

192 1259 195 1266 ’
223 1289 297 1356 quos
318 1267 444 1332 lacobus
465 1283 530 1328 cum
550 1263 740 1337 necessario,
768 1277 826 1342 quc
849 1275 925 1322 nunc
945 1259 1087 1336 leguntur
1107 1257 1227 1336 ordine,
1253 1257 1295 1322 ad

221 1375 328 1437 rogum
346 1364 377 1419 et
394 1369 498 1414 urnam
516 1349 713 1432 sepulcralem
729 1345 905 1410 referendos
924 1361 990 1408 esse
1010 1346 1204 1428 perspiceret,
1223 1347 1295 1427 quia

224 1443 373 1526 sequentis
399 1455 502 1502 uersus
531 1435 681 1518 porticula
708 1433 887 1513 ,‚lenique“
910 1430 1120 1496 adversaretur
1141 1430 1194 1511 (ci.
1216 1449 1298 1494 com·

223 1539 348 1594 meutar.
371 1521 410 1588 ad
432 1542 458 1587 e.
485 1522 543 1600 1.),
572 1520 757 1601 ingeniosius
784 1536 870 1599 quam
898 1518 997 1582 uerius
1022 1517 1053 1579 in
1079 1517 1170 1581 alium
1198 1518 1296 1581 locum

224 1613 439 1691 transmigrare
460 1609 557 1672 iussit.
599 1604 712 1670 Eadem
734 1613 847 1679 autem,
869 1620 946 1685 quae
968 1601 999 1665 in
1019 1603 1124 1667 funere
1145 1603 1297 1681 iaciendo,

223 1702 255 1764 in
281 1716 377 1764 uacua
400 1695 543 1775 Cynthiae
571 1691 659 1756 ‹lcmo
685 1691 812 1753 incuria.
860 1690 1053 1770 Diripuerunt
1082 1699 1171 1754 tenue
1200 1691 1297 1772 patri·

224 1787 351 1850 monium
379 1797 486 1844 servae
508 1787 538 1842 et
564 1779 659 1854 sarri,
685 1784 876 1850 testamento,
906 1784 940 1837 ut
964 1774 1098 1852 uidetur,
1126 1778 1297 1839 manumissi

227 1875 269 1948 (u.
286 1874 339 1934 40.
360 1870 452 1948 opp).
495 1863 653 1947 Propertio
674 1872 814 1945 anquam
834 1861 886 1924 uni
913 1861 1067 1943 superstiti
1091 1864 1186 1926 arnico
1213 1881 1298 1926 man·

227 1957 302 2022 lans
322 1955 429 2018 Hostia
450 1949 587 2029 fingitur,
609 1959 641 2014 ut
660 1967 798 2031 suprema
818 1957 998 2029 exsequatur
1016 1955 1086 2010 vota
1105 1950 1297 2029 (72-75.).

329 2041 369 2103 At
390 2056 427 2100 ne
448 2038 505 2099 bae
529 2034 646 2116 quidem
668 2037 714 2098 rei
733 2034 890 2098 familiaris
913 2033 1085 2114 angustiae,
1107 2044 1159 2099 cut
1179 2035 1299 2098 humilis

227 2128 306 2193 uitae
328 2123 459 2188 conditio
477 2121 623 2203 impedire
641 2121 753 2204 potuit,
774 2120 844 2202 quin
863 2119 991 2182 amatori
1012 2137 1066 2182 suc
1087 2119 1143 2183 illa
1163 2122 1299 2185 nuberet.

226 2215 303 2280 Nan
329 2211 395 2294 ipsa
422 2209 478 2272 illa
499 2208 549 2271 lex
570 2207 649 2270 Iulia
669 2216 790 2289 praeter
811 2205 954 2269 senatorii
980 2204 1093 2268 ordinis
1117 2207 1198 2270 uiros
1222 2207 1301 2287 opti·

228 2315 276 2363 mo
303 2299 426 2378 cuique,
454 2311 492 2357 ne
511 2295 635 2377 privatis
660 2292 765 2356 studiis
788 2292 903 2354 chriam
930 2292 1037 2366 iretur,
1066 2291 1116 2355 uel
1143 2293 1301 2356 libertinas

228 2384 367 2448 mulieres
384 2382 415 2443 in
434 2379 648 2466 matrimonium
666 2377 775 2442 ducere
788 2377 936 2482 permisit.
970 2376 1052 2444 ,N'am
1067 2377 1124 2440 Dio
1139 2378 1215 2451 btv,
1231 2383 1300 2443 iba

225 2461 410 2552 Ἐπέυρεψε
444 2455 477 2543 (c‘
508 2462 658 2549 Καῖσαρ)
693 2457 750 2525 καὶ
782 2457 1001 2545 εξελευθέρας
1033 2461 1105 2538 τοῖς
1140 2457 1301 2526 ἐθέλουσι

229 2548 317 2636 πλὴν
339 2550 404 2614 τῶν
428 2544 652 2630 βουλευόντων
674 2535 821 2632 {lynceos
841 2539 977 2627 ἔννομον
1001 2541 1062 2630 τὴν
1088 2543 1300 2612 τεκνοποιΐαν

232 2629 340 2702 αὐτῶν
366 2624 451 2699 εἶναι
471 2627 637 2710 κελεύσας.
682 2634 728 2698 Gi.
747 2634 864 2698 Celsum
883 2636 976 2697 Ictum
990 2634 1059 2697 Lib.
1076 2633 1173 2699 XXX.
1194 2637 1230 2698 1..
1248 2640 1301 2699 23.

230 2725 303 2806 Dig.
325 2722 364 2787 de
383 2723 445 2785 ritu
469 2722 612 2803 nuptiali:
633 2721 720 2801 Lege
742 2720 838 2802 Papia
864 2731 985 2783 cauetur
1011 2721 1144 2783 omnibus
1164 2723 1302 2802 ingenuis

253 2816 353 2874 caeter
378 2814 533 2871 senatores
562 2825 722 2889 eorumque
748 2806 879 2882 liberos,
907 2805 1076 2868 libertinam
1098 2825 1219 2870 cuorum
1246 2809 1303 2870 ba-

230 2828 305 2962 Xerc
326 2894 430 2958 licere.
460 2893 497 2960 V.
512 2893 651 2957 Heinecc.
672 2909 776 2956 comm.
793 2892 832 2955 le
852 2890 1112 2974 l.Pap.Poppaea
1130 2893 1303 2972 1..11,o.1.

233 2979 263 3064 §-
282 2985 334 3047 lc.
356 2983 432 3062 Cpp.
455 2977 502 3043 ed.
526 2979 599 3044 Cen.
618 2987 640 3042 t
658 2978 730 3055 VII,
749 2997 779 3059 p.
804 2981 876 3042 127.

336 3066 442 3130 Restat
469 3063 564 3142 igitur
592 3064 640 3138 iul,
667 3063 842 3146 quaomnia
868 3060 1125 3140 lislissolratur‚
1152 3070 1185 3127 ut
1205 3079 1304 3125 mere-

233 3149 355 3229 tricem,
376 3149 519 3232 quilquid
540 3159 737 3232 repugnetur,
761 3147 914 3229 cynthiam
934 3149 1028 3212 luisse
1053 3148 1193 3212 dicamus.
1237 3149 1305 3212 Hae

235 3238 313 3300 euim
333 3237 419 3303 solae
438 3235 589 3312 mulieres,
609 3254 687 3317 quae
707 3234 807 3317 palam
826 3244 978 3316 quaestum
994 3237 1130 3317 corporis
1152 3234 1304 3310 iecissent,

233 3323 370 3473 ilpghenpis
376 3320 722 3487 1pulpearc§esplecluylegpl
734 3322 845 3470 uetipae
865 3320 1101 3471 supeliEtprpim
1119 3321 1304 3422 Ulpianus
1371 3401 1376 3410 ·

262 3427 414 3484 r.,.
480 3426 680 3472 ...r.
725 3424 882 3470 erunuu
917 3426 947 3469 ua
992 3454 1012 3483 „
1063 3423 1133 3482 ,ne
1173 3425 1306 3482 uuam-

236 3495 315 3577 quit,
334 3493 522 3574 ingenuus
544 3511 624 3568 eam,
650 3425 746 3574 tgpuce
767 3492 867 3574 palam
883 3425 1084 3574 {caestum
1107 3426 1307 3575 ocrffcure'ia·

236 3582 293 3658 cit,
311 3579 428 3658 iecerit,
448 3578 556 3656 lenam,
577 3577 724 3643 alencue
743 3579 958 3657 manumissam,
980 3587 1032 3642 out
1050 3577 1161 3642 indicio
1183 3576 1307 3660 publico

237 3663 405 3732 cannatum
430 3700 473 3714 -
501 3682 678 3747 sponsam
712 3657 868 3728 uxoiem
901 3663 999 3728 sciens
1028 3662 1099 3726 dolo
1132 3663 1212 3728 malo
1240 3663 1309 3725 hc·

237 3749 360 3818 beto.“
409 3749 462 3816 Sic
488 3751 565 3815 enim
590 3750 667 3815 baec
691 3751 786 3815 rerba
812 3749 942 3834 restituit
968 3748 1144 3815 Heineccics
1174 3749 1210 3825 (l.
1231 3747 1252 3811 1.
1273 3769 1306 3832 p.

219 3840 410 3918 .1oc.).‘-
463 3833 660 3917 Cputbiam
700 3834 796 3917 igitur
827 3837 969 3899 babemus
1005 3834 1306 3901 meretriculam.

236 3921 297 3988 Eat
317 3938 393 3986 nunc
413 3922 523 4003 aliquis
545 3931 575 3986 et
599 3921 739 3999 eandem,
760 3924 898 4005 quoniam
918 3921 1011 3985 uariis
1032 3921 1146 3985 artibus
1166 3920 1306 4003 ingenuis

237 4006 333 4092 (apul
361 4007 497 4090 plebeios
523 4007 655 4073 homines
685 4025 758 4071 raro
787 4004 897 4091 obuiis)
924 4007 1100 4072 excelluerit
1128 4007 1170 4089 (1,
1190 4011 1228 4084 4,
1251 4009 1304 4071 13.

236 4093 446 4176 11,3,19.),
474 4111 541 4157 uam
568 4093 714 4158 cantando
744 4092 801 4178 (11,
822 4098 882 4172 33,
904 4097 956 4159 38.
980 4098 1039 4172 26,
1061 4094 1144 4173 ab),
1172 4093 1307 4172 earmina

236 4177 395 4264 pangendo
416 4179 478 4258 (ill.
499 4179 530 4256 1,
552 4185 587 4257 h,
608 4185 662 4246 27.
684 4180 755 4244 coll.
777 4180 808 4256 1,
830 4185 867 4257 1,
887 4184 917 4247 a.
939 4180 985 4258 11,
1006 4183 1042 4257 3,
1065 4183 1214 4245 19-22.
1236 4179 1307 4243 hinc

237 4267 327 4331 doctu
354 4263 447 4330 toties
469 4265 639 4348 appellatur
663 4266 693 4342 1,
715 4271 825 4344 7,11.
856 4267 903 4346 11,
928 4270 985 4344 11,
1013 4269 1045 4332 6.
1074 4265 1120 4342 11,
1144 4265 1305 4345 13,11.),

234 4349 373 4417 amunio
395 4349 440 4432 (11
447 4395 457 4429 ,
477 4355 514 4428 3,
536 4351 620 4435 17.),
643 4351 772 4418 exerto
794 4351 842 4431 (1,
863 4358 902 4431 3,
922 4351 992 4434 41.)
999 4396 1010 4431 ,
1029 4349 1197 4436 aequaliter
1214 4369 1307 4436 prae·
