2806 4974
300 364 388 436 Caput
406 363 439 430 V,
470 363 516 418 De
532 362 609 421 libris
626 363 760 434 Propertii
778 361 972 434 manuscriptis.
1088 347 1165 431 237

97 537 254 619 plurimum
268 537 467 620 Neapolitano
490 537 593 604 iarere
614 537 758 616 rideatur,
780 546 876 604 tamen
897 538 973 602 alias
993 536 1037 600 ita
1059 535 1181 615 differt„

98 633 130 686 ut
156 641 194 685 ex
216 623 318 686 eodem
346 625 488 688 camillo
514 624 676 705 exemplari
705 626 856 706 proiectus
881 642 947 688 esse
981 642 1167 705 nequaquam

99 709 262 771 censendus
284 711 339 784 sit,
370 728 407 772 ne
427 713 492 792 ipse
515 711 632 792 quidem
660 713 776 791 integer
798 713 835 774 ab
857 710 1033 773 emendandi
1054 713 1167 774 conati-

99 796 166 858 bus.
211 796 294 856 Huuo
316 797 382 858 sola
403 797 516 858 Heinsii
539 805 678 877 excerpta
699 798 809 872 scurrti,
835 816 872 859 ne
894 798 986 860 uariis
1006 799 1168 859 auotorita-

98 882 177 1028 tipps
200 879 365 944 obediendo
388 881 528 947 lectorum
552 884 655 945 oculos
676 883 877 957 turbaremus,
897 885 929 946 iu
944 883 1168 946 ‚commentariis

99 967 119 1028 d
159 967 243 1028 imus.

202 1050 341 1114 Eiusdem
359 1051 424 1114 iere
445 1062 569 1117 naturae
591 1061 621 1116 et
640 1053 798 1134 probitatis
813 1051 1022 1118 Leidensis
1042 1053 1079 1116 11.
1102 1069 1168 1116 esse

100 1134 233 1212 ridetur,
254 1139 304 1219 qui
326 1155 390 1200 cum
407 1141 578 1221 saepissime
599 1141 827 1202 consentientem
847 1140 937 1203 babet
957 1139 1170 1218 cognominem,

102 1232 225 1285 eatenus
246 1223 357 1300 differt,
376 1233 421 1300 ut,
443 1227 494 1287 ubi
516 1227 568 1287 ille
587 1215 786 1305 Neapolitano
808 1225 933 1306 propior
955 1236 1012 1298 est,
1034 1226 1082 1286 bic
1105 1241 1169 1286 oum

102 1310 294 1387 Groningauu
315 1272 452 1372 rideatur
474 1321 565 1376 stare.
608 1312 681 1373 Eum
703 1313 774 1391 quia
799 1328 858 1372 uon
886 1310 1017 1374 norimus
1043 1327 1170 1402 unquam

103 1395 264 1475 quidquam
286 1397 356 1456 boui
383 1396 542 1478 Propertio
566 1396 746 1459 emendando
770 1397 922 1470 attulisse,
952 1397 1031 1476 quod
1052 1415 1110 1458 nou
1133 1413 1170 1460 ex

104 1481 166 1542 alio
191 1481 328 1561 quopiam
351 1481 417 1544 cod.
440 1485 508 1546 item
538 1483 745 1546 redundasset:
773 1501 810 1545 ex
836 1483 996 1544 Burmanni
1025 1498 1170 1546 commcn-

103 1567 190 1629 tariis
221 1568 390 1632 exscribere
418 1572 628 1649 supervacuum
651 1569 799 1641 duximus,
827 1568 1003 1648 praesertim
1025 1585 1089 1628 uum
1116 1566 1171 1628 iila

104 1669 187 1715 more
210 1669 263 1714 sno
286 1671 340 1715 uec
360 1671 459 1715 omnes
482 1655 695 1736 discrepantias
717 1655 870 1728 exhibeat,
892 1671 947 1716 nec
970 1654 1042 1715 satis
1061 1660 1148 1714 tutas.

206 1738 261 1800 His
283 1738 384 1800 addidi
402 1741 663 1815 Heiusianum,
686 1741 939 1819 negligentissime
958 1737 1076 1819 quidem
1097 1736 1172 1798 scri-

105 1832 201 1904 ptum,
224 1826 333 1906 quique
353 1835 412 1888 tam
433 1827 506 1890 mire
528 1847 547 1889 a
567 1829 674 1889 ueteris
695 1827 861 1906 discrepat,
891 1835 1028 1906 quantum
1051 1833 1172 1904 praeter

104 1911 260 1972 Palatinos
282 1912 358 1974 alius
380 1910 487 1974 nulius.
521 1914 714 1976 ,Festinantia
736 1913 798 1974 alia
818 1913 891 1974 uitia
914 1921 994 1986 orta,
1017 1909 1078 1972 alia
1099 1909 1173 1971 leri·

105 2006 167 2060 tate
188 1997 316 2058 librarii.
360 1998 433 2060 Nam
455 2016 513 2060 nun
533 2017 656 2079 prorsus
679 1999 844 2060 litterarum
865 1997 966 2060 rudem
987 2015 1050 2058 eum
1071 1996 1174 2069 inisse,

107 2091 136 2144 et
168 2093 277 2160 poetae
304 2085 462 2145 sententias
486 2088 601 2165 potins,
635 2103 720 2165 qnam
753 2085 873 2162 singula
900 2083 993 2147 rerba
1023 2091 1174 2162 spectasse

82 2166 189 2229 amulti
213 2185 331 2230 errores
351 2169 487 2248 produnt,
507 2181 548 2245 ut,
572 2172 598 2232 si
618 2171 657 2246 ll,
673 2174 789 2245 13,12.
814 2169 915 2232 dicta
939 2185 995 2249 pro
1018 2169 1174 2247 scripta,

106 2263 196 2333 atque
225 2253 300 2316 adeo
322 2253 367 2329 ΙΙ,
391 2260 426 2329 l,
449 2259 517 2319 cib:
546 2258 658 2319 boris
687 2272 743 2336 pro
773 2256 900 2320 tauris
932 2255 1061 2317 exbibet.
1110 2253 1174 2315 Nec

106 2349 205 2402 tamen
227 2341 362 2402 omittere
385 2359 449 2402 eom
470 2341 567 2417 volui,
590 2352 666 2416 tum,
687 2341 767 2422 quud
790 2342 878 2403 etiam
899 2358 1017 2404 errores
1040 2340 1103 2401 eius
1129 2339 1175 2399 iu·

107 2425 223 2488 tendum
251 2443 348 2488 rerum
375 2427 523 2502 iudicant,
549 2436 609 2490 tum
632 2429 710 2508 quud
737 2429 773 2488 ab
796 2427 918 2488 Heinsio
947 2428 1012 2506 ipso
1037 2424 1176 2486 collatum

107 2521 200 2574 tutum
232 2513 371 2573 exhibere
396 2515 481 2576 uubis
509 2513 601 2574 licuit.
645 2514 744 2575 Semel
773 2514 874 2587 etiam,
902 2513 928 2573 si
949 2511 1176 2585 beue‘memiui,

108 2607 160 2660 aut
193 2598 291 2672 scius,
320 2606 386 2672 ant,
419 2599 444 2658 si
471 2599 640 2660 Burmauuo
670 2599 758 2672 fides,
792 2600 843 2677 qui
867 2598 1059 2659 Heiusianum
1087 2606 1176 2670 taoet,

112 2700 176 2746 cnm
207 2684 297 2745 suio
319 2684 515 2746 Borricbiano
537 2703 638 2746 rerum
666 2686 794 2748 servarit
818 2685 869 2758 lv,
891 2687 926 2758 5,
948 2687 999 2745 20.
1041 2682 1177 2744 Plerum-
1272 2751 1275 2758 ⁴

110 2787 167 2850 que
196 2780 291 2831 autam
313 2786 376 2830 cum
396 2771 636 2834 Marteliano
659 2773 811 2849 congruit,
833 2769 964 2851 quamuis
985 2785 1044 2830 uun
1063 2768 1123 2842 ita,
1144 2773 1177 2829 ut

111 2874 149 2918 ex
176 2855 231 2918 ilio
254 2857 373 2918 fluxisse
403 2875 466 2918 eum
495 2857 644 2918 affirmare
672 2857 806 2918 audeam.
850 2857 933 2918 Hunc
959 2853 1082 2916 errudem
1110 2870 1178 2916 esse

110 2942 218 3004 librum
242 2950 330 3020 atque
350 2942 618 3016 Brauniacum,
640 2961 724 3023 quem
743 2944 926 3004 Burmannus
947 2941 1035 3022 primi
1057 2940 1102 3000 sui
1122 2955 1179 3000 uo-

113 3029 189 3090 mine
213 3029 338 3100 excitat,
359 3027 561 3090 Lachmauuus
583 3027 658 3091 sidit
679 3028 790 3109 (praei
807 3027 912 3108 XIV..)
956 3026 990 3088 ld
1012 3025 1091 3106 quod
1111 3025 1179 3104 piu·

113 3115 179 3176 rimi
202 3113 272 3188 ioci,
292 3114 410 3193 quibus
407 3123 544 3195 uterque
565 3117 748 3178 consentiens
769 3116 907 3202 austeris
931 3112 1089 3192 discrepat,
1110 3126 1180 3171 cun-

112 3201 236 3261 firmant.
289 3200 470 3278 Qunamquam
498 3202 680 3263 Burmannus
713 3203 761 3262 bic
793 3193 851 3261 uon
884 3216 954 3261 raro
987 3197 1179 3260 festinantiae

115 3284 283 3364 arguendus
313 3297 371 3359 cst,
395 3288 446 3364 qui
467 3285 601 3366 plurimis
623 3288 727 3348 iocis
719 3288 815 3367 risque
839 3285 1022 3370 grauissimis
1043 3284 1181 3346 Heiusia-

114 3391 180 3434 unm
203 3370 324 3445 afferat,
346 3389 428 3432 suum
448 3381 560 3449 taceat,
583 3375 666 3450 utI,
683 3377 713 3448 4,
733 3375 762 3436 8.
786 3375 816 3447 8,
836 3374 886 3434 36
907 3371 979 3433 ibid.
996 3361 1046 3432 28.
1069 3373 1100 3444 9,
1119 3370 1181 3443 38,

115 3459 244 3540 passim,
272 3417 379 3518 alibi
371 3476 402 3517 ru
425 3457 550 3521 altero
578 3476 631 3520 suo
656 3477 721 3521 esse
745 3458 804 3534 ait,
832 3458 912 3537 quod
933 3455 1181 3520 Heiusianoi.e.

116 3548 212 3628 primo
235 3541 316 3603 illius
343 3541 477 3617 debetur,
499 3553 531 3606 nt
553 3543 577 3618 Ι,
601 3549 651 3620 13,
671 3550 711 3620 l,
731 3554 790 3608 tum
812 3553 945 3606 neutrum
966 3549 1182 3615 commemorat,

116 3631 199 3706 uti,
223 3632 272 3703 il,
294 3634 360 3702 Ι2.,
381 3647 541 3708 rursusque
560 3631 747 3692 Heiusianum
769 3631 855 3706 citat,
875 3629 928 3691 ubi
948 3628 1085 3691 Heinsius
1107 3627 1184 3690 nibil

116 3716 283 3788 adnotavit,
305 3714 385 3789 utI,
408 3717 443 3788 8,
463 3719 494 3777 9.
517 3719 572 3790 Ι6,
595 3719 625 3779 8.

221 3801 380 3862 Heiusianu
403 3801 525 3861 adiunxi
547 3809 686 3880 excerpta
704 3801 888 3876 Vossiani
908 3801 946 3862 ab
969 3797 1071 3861 eudem
1092 3798 1184 3862 Hein-

118 3889 163 3950 sio
196 3887 290 3946 eidem
323 3886 486 3966 exemplari
514 3886 674 3966 adscripta
717 3887 801 3950 Hunc
828 3887 936 3948 librum
966 3903 1030 3947 cum
1061 3885 1185 3947 eundern

118 3991 202 4046 esse,
233 3990 316 4052 qoem
335 3973 519 4034 Burmannus
537 3973 675 4036 Vossiani
692 3972 791 4052 ,primi
818 3973 935 4033 nomine
958 3971 1138 4052 appellat,
1129 3989 1185 4030 um-

118 4061 220 4140 primis
242 4059 289 4124 El.
311 4058 361 4132 lv,
382 4062 412 4133 9,
433 4063 484 4122 79.
507 4057 629 4132 doceat,
650 4057 701 4118 ubi
723 4057 803 4118 solus
826 4075 890 4120 oum
910 4055 1107 4137 Neapolitano
1129 4056 1186 4116 ba-

119 4149 186 4206 bet:
209 4143 378 4205 Hercule
402 4145 664 4205 exterminium
686 4146 832 4218 nescit,
855 4141 962 4222 quibus,
981 4143 1056 4206 iocis
1079 4140 1186 4203 adiuu-

120 4248 177 4308 gas
206 4229 277 4291 licet
304 4229 466 4302 Ι,6,17.
490 4233 545 4301 13,
568 4234 598 4292 6.
625 4231 682 4304 16,
705 4232 756 4290 34.
780 4231 817 4301 8,
838 4233 868 4292 9.
890 4265 932 4276 -
955 4241 1063 4308 quauta
1087 4227 1118 4287 in
1146 4239 1184 4302 eo

119 4315 197 4378 libro
219 4313 408 4396 exprimendo
427 4313 567 4376 socordia
584 4315 765 4378 Burmannus
786 4332 856 4380 usus
876 4315 924 4392 sit,
945 4314 1003 4377 boc
1021 4314 1078 4377 erit
1097 4327 1186 4392 argu·
