2822 4976
443 307 739 414 uuounuuunu.
762 309 792 384 1,
816 306 867 374 to.

204 479 349 566 Semper
370 483 406 545 et
427 476 555 544 exclusi
577 479 676 566 signu
698 481 811 546 iacere
831 480 936 548 faces.

161 585 235 650 Nec
259 603 395 668 possum
416 583 548 648 infamis
570 580 722 648 dominae
744 581 924 651 defendere
944 590 1073 668 noctes,
1113 631 1114 638 κ

121 699 146 742 ¹⁰
204 685 335 750 Nobilis
358 683 513 750 obscenis
533 681 658 748 tradita
680 686 878 752 carminibus
900 727 942 738 -

161 788 235 853 Nec
258 793 368 852 tamen
389 785 446 854 illa
467 801 550 852 suae
572 793 749 868 revocatur
769 809 907 875 parcere
928 792 1051 875 famae,

204 892 347 977 Turpior
369 897 403 958 et
426 890 531 956 saecli
552 893 669 955 vivere
690 891 820 960 luxuria
841 919 898 960 -ε

161 995 237 1066 Has
259 994 337 1068 mihi
358 1001 409 1060 ter
429 993 589 1081 gravibus
613 1013 713 1082 cogor
735 994 856 1060 dessere
876 999 1032 1082 querelis,

207 1097 376 1185 Supplicis
398 1097 458 1162 ab!
479 1098 590 1186 longis
611 1085 737 1164 tristior
758 1101 918 1166 excubiis.

121 1215 146 1258 1⁵
161 1199 223 1268 Ille
244 1220 337 1268 meos
359 1218 533 1286 numquam
555 1201 677 1285 patitur
698 1203 910 1286 requiescere
931 1201 1060 1288 postes,

204 1305 338 1394 Arguta
359 1305 509 1370 referens
533 1306 675 1371 carmina
697 1304 868 1374 blanditia..

161 1407 296 1492 „lanua
318 1408 374 1474 vel
397 1407 529 1476 domina
549 1410 681 1494 penitus
706 1405 867 1475 crudelior
887 1412 974 1496 ipsa,

205 1508 295 1594 Quid
316 1509 395 1576 mibi
415 1518 483 1580 tam
506 1509 598 1576 duris
621 1510 738 1578 clausa
756 1519 852 1580 taces
873 1509 1029 1580 foribus?¹

164 1612 234 1683 Gur
256 1631 431 1698 numquam
450 1619 602 1680 reserata
621 1632 713 1679 meos
735 1612 881 1680 admittis
904 1633 1046 1698 amores,

123 1727 147 1772 Β
204 1716 334 1782 Nescia
355 1714 497 1780 furtivus
518 1712 660 1780 reddere
681 1721 769 1780 mota
790 1713 936 1802 preces?

164 1819 309 1890 Nullane
329 1817 404 1886 finis
427 1819 490 1884 erit
510 1823 623 1902 nostro
644 1836 806 1884 concessu
828 1819 948 1903 dolori,

209 1919 333 1986 Tristis
356 1925 391 1984 et
411 1920 445 1986 in
466 1918 577 2006 tepido
598 1919 708 1985 limine
730 1939 865 1986 somnus
886 1917 975 1989 erit?

164 2021 221 2094 lile
242 2019 374 2090 mediae
394 2027 528 2106 noctes,
550 2039 602 2088 me
622 2023 734 2089 sidera
755 2042 859 2110 prona
879 2027 1058 2110 iacentem,

203 2124 409 2212 Frigidaque
430 2123 505 2192 Eoo
527 2143 580 2198 me
600 2123 689 2193 dolet
710 2144 793 2198 aura
811 2129 904 2216 gelu:

123 2241 151 2288 re
164 2231 216 2300 Tu
238 2227 314 2294 sola
335 2223 494 2292 humanos
515 2245 688 2313 numquam
710 2231 868 2294 miserata
890 2229 1025 2298 dolores

205 2328 408 2418 Respondes
429 2330 542 2400 tacitus
562 2337 674 2396 mutua
695 2331 893 2398 cardinibus.

168 2436 196 2505 0
218 2438 344 2502 utinam
364 2434 506 2498 traiecta
528 2451 614 2500 cuua
634 2452 708 2500 mea
728 2435 846 2504 uoculn
868 2435 950 2508 rima

207 2541 397 2608 Percussus
419 2535 568 2603 dominae
589 2542 700 2612 vertat
719 2539 752 2602 in
775 2539 960 2610 auriculasl

164 2641 219 2712 su
237 2645 319 2710 licet
341 2646 375 2708 et
395 2657 479 2706 saxo
501 2642 676 2725 patientior
697 2641 754 2706 illa
775 2640 915 2725 Sicano,

123 2757 148 2802 ³⁸
208 2744 266 2814 Sit
285 2745 364 2810 licet
385 2749 419 2808 et
440 2744 528 2809 ferro
551 2741 661 2809 durior
684 2751 717 2810 et
740 2743 893 2830 chalybe:

164 2853 240 2923 Non
263 2855 373 2926 tamen
394 2847 452 2912 illu
471 2865 552 2912 suos
574 2850 695 2933 poterit
717 2866 928 2934 compescere
951 2846 1085 2929 ocellos,

207 2953 336 3040 Surget
357 2957 391 3016 et
411 2952 525 3018 inuitis
548 2953 684 3035 spiritus
706 2953 741 3022 iu
762 2935 915 3021 lacrimis.

164 3059 263 3130 Nunc
282 3058 371 3121 iacet
393 3054 530 3121 alterius
552 3054 641 3119 felici
662 3057 742 3120 nixa
761 3054 902 3124 lacerto:

207 3160 256 3226 At
277 3174 352 3222 mea
372 3161 529 3224 nocturno
551 3155 656 3220 uerba
677 3153 800 3220 cadunt
822 3154 988 3240 Zephyro.

125 3275 149 3320 ⁸⁵
166 3261 238 3330 seu
259 3269 297 3334 tu
317 3259 391 3326 sola
411 3261 492 3340 mci,
513 3268 550 3323 tu
571 3260 715 3326 maxima
737 3278 840 3325 causa
863 3259 1000 3342 doloris,

206 3365 306 3432 Victa
327 3364 409 3427 mels
430 3379 621 3447 numquam,
643 3365 760 3444 ianua,
781 3364 981 3429 muneribus

115 3507 117 3512 ·
165 3468 216 3535 'l'e
234 3485 299 3534 non
321 3466 387 3531 ulla
408 3482 502 3530 meae
523 3465 623 3532 laesit
644 3466 834 3552 petulentia
849 3463 997 3552 lingone,

192 3691 217 3741 8i
242 3683 358 3737 exclusis
378 3685 410 3737 G.
430 3685 467 3740 N.
483 3701 508 3738 c.
528 3700 574 3752 cu,
598 3684 812 3738 exclusae-facis
833 3688 909 3743 Peru.
927 3686 948 3751 s.
967 3685 998 3736 P.
1027 3679 1127 3748 iacere]
1150 3683 1193 3730 ie·
1261 3687 1269 3700 ‘

28 3823 31 3831 ,
127 3773 285 3834 nereHJ.
356 3776 397 3822 12.
416 3770 514 3824 luudrio⁴
527 3772 561 3827 N.
636 3777 676 3824 13.
696 3773 753 3822 Has
773 3772 842 3824 inter
860 3785 955 3823 onuncs.
975 3766 1099 3835 querellis
1110 3768 1144 3819 n.
1161 3765 1194 3816 G.

128 3858 168 3910 14.
185 3871 200 3908 a
219 3857 255 3912 Ν.
276 3841 308 3908 G.
326 3856 378 3921 le,
397 3852 420 3906 α’
439 3851 492 3911 ut.
510 3856 562 3921 n,
581 3853 618 3905 ab
635 3861 668 3906 ru.
742 3861 783 3913 uz.
803 3856 924 3923 paenitus
942 3851 995 3909 ruo.
1065 3855 1105 3904 ua.
1125 3847 1191 3916 taur]

126 3937 177 3990 iem
201 3941 236 3992 N.
265 3953 344 3990 noceo
368 3921 446 3991 Perr.
529 3941 571 3993 20.
597 3936 701 3989 furtivis
721 3941 755 3996 1).
840 3942 884 3991 22.
908 3935 1006 4004 Turpis
1033 3935 1068 3986 N.
1086 3930 1139 3986 Hb.
1158 3947 1196 3996 tt,

126 4021 223 4090 Tristis
247 4025 323 4076 Peru.
351 4022 451 4075 lumine
472 4023 511 4080 Μ.
538 4039 666 4089 sompnus
691 4019 728 4076 N.
819 4027 862 4078 23.
888 4024 970 4092 plena.
988 4021 1075 4104 N3R.
1095 4015 1147 4071 Hb.
1164 4015 1197 4071 A.

126 4109 167 4160 24.
186 4126 251 4162 aeoo
269 4111 304 4164 R.
385 4111 427 4162 26,
447 4111 552 4168 labores
570 4114 606 4164 H.
621 4110 660 4165 Μ..
738 4115 780 4167 26.
800 4108 960 4163 carminibus
978 4112 1014 4162 H.
1091 4107 1133 4155 2⁹·
1151 4102 1197 4163 fl·

126 4206 190 4244 cano
210 4193 261 4251 Hb.
363 4199 408 4249 30.
425 4195 511 4250 calibe
529 4195 563 4249 G.
581 4193 651 4264 Hb,
673 4197 765 4264 calybe
784 4213 812 4251 r.
915 4195 958 4249 el.
981 4192 1076 4250 eadent
1098 4187 1128 4243 l'.
1151 4201 1198 4240 ze·

125 4271 200 4342 pbiro
219 4280 255 4334 N.
726 4301 734 4318 ·
