2848 4972
409 381 624 452 PROPERTII
645 381 707 448 nl..
728 381 788 464 ΠΙ,
809 379 839 448 5.
858 381 891 449 6.
1142 387 1190 454 ’93

111 567 143 612 a
202 544 334 637 Eurus,
359 557 395 619 et
416 553 449 618 in
471 553 577 621 nubes
599 550 687 620 unde
707 555 864 642 perennis
885 571 986 642 aqna,

159 649 216 722 Sit
235 661 376 720 ventura
395 652 488 738 dics,
510 653 622 721 mundi
643 673 730 741 qnae
750 656 889 724 subruat
910 674 1021 744 arceo,

200 757 391 843 Purpureus
412 759 543 844 pluvias
564 777 623 825 cur
644 758 726 826 bibit
745 778 844 827 arcus
865 779 986 848 aquas,

158 859 228 928 Aut
250 879 308 929 cur
328 861 510 929 Perrhaebi
532 868 696 928 tremuere
716 865 888 930 cacumina
905 864 1016 951 Pindi,

206 959 298 1029 Solis
321 969 355 1030 et
377 966 496 1030 atratis
519 963 640 1030 luxerit
660 965 749 1030 orbis
772 967 880 1051 oquin,

115 1079 145 1124 ²⁵
164 1064 231 1133 Cui
252 1085 350 1133 serus
371 1085 512 1134 versare
530 1070 637 1135 hoves
659 1074 694 1134 ei
715 1067 865 1155 plaustra
884 1067 1023 1154 Booten,

206 1171 377 1238 Pleiadum
398 1175 511 1258 spisso
531 1191 588 1239 cur
610 1174 674 1240 coit
693 1173 774 1260 igne
795 1170 928 1255 chorus,

163 1274 276 1342 Curve
297 1294 379 1342 suos
401 1276 486 1342 fines
508 1276 609 1342 altum
631 1295 694 1342 non
716 1281 819 1342 exeat
840 1293 975 1361 aequor,

203 1379 328 1445 Plenus
344 1385 382 1446 et
400 1381 434 1446 in
455 1385 569 1465 partes
592 1385 745 1464 quattuor
764 1396 872 1444 annus
894 1383 960 1460 eat,

162 1477 233 1547 Sub
257 1481 356 1546 terris
378 1482 445 1546 sint
464 1483 537 1545 iura
556 1478 654 1545 denm
676 1485 711 1546 ct
732 1485 902 1546 tormenta¹
916 1475 1109 1567 Gigantum,
1136 1517 1143 1532 ι

119 1596 166 1640 ω’
210 1582 411 1668 Tisiphones
433 1589 506 1650 atro
528 1585 560 1648 si
580 1584 659 1651 furit
680 1599 791 1670 angue
810 1589 918 1668 ceput,

165 1685 235 1750 Aut
254 1686 489 1752 Alcmaeoniae
510 1685 618 1750 iuriae
639 1691 697 1750 aut
716 1686 838 1751 ieiunia
855 1683 986 1768 Phinei,

206 1789 293 1854 Num
314 1794 404 1872 rota,
425 1809 503 1855 nnm
522 1788 666 1876 scopuli,
689 1807 764 1853 num
786 1790 861 1854 aitis
882 1789 970 1854 inter
990 1802 1110 1872 aquas,

164 1889 252 1956 Nam
273 1892 379 1957 trihus
400 1891 563 1957 internum
582 1888 730 1958 custodit
750 1889 903 1956 faucibus
923 1893 1054 1957 antrum

208 1989 392 2075 CerberuS,
413 1999 449 2059 et
466 1995 567 2077 Tityo
588 1995 707 2081 iugera
726 2009 835 2082 pauca
854 2007 986 2076 novem,

120 2105 149 2150 ⁴⁵
166 2093 221 2161 An
240 2095 319 2163 licta
339 2098 374 2163 in
393 2099 535 2163 miseras
558 2094 733 2178 ¹descendit
753 2094 867 2162 tabula
886 2095 1012 2184 gentis,

213 2193 261 2263 Et
281 2199 376 2264 timor
397 2196 487 2263 hand
505 2198 592 2264 ultra
614 2215 710 2284 quam
730 2215 833 2286 rogus
856 2211 937 2262 esse
958 2198 1081 2282 potest.

168 2297 293 2367 Exitus
314 2300 369 2367 hic
390 2303 484 2367 vitae
505 2308 641 2387 superet
661 2299 756 2366 mihi:
778 2319 859 2383 vos,
881 2298 999 2388 quibos
1018 2312 1112 2364 arma

210 2399 316 2471 Grata
327 2406 445 2492 ,magis
452 2451 464 2490 ,
489 2402 607 2474 Crassi
629 2405 730 2494 signo
750 2403 874 2472 referte
896 2402 1036 2474 domum.

630 2591 692 2670 VI.

527 2745 802 2795 amoenamus.

169 2821 257 2912 nio
277 2839 359 2909 mihi
380 2839 423 2909 de
443 2849 575 2928 nostra,
597 2863 683 2932 quae
703 2846 827 2927 sentis,
839 2858 933 2927 'vera
953 2839 1079 2930 puella:

213 2941 275 3011 Sic
294 2945 354 3011 tibi
375 2946 442 3011 sint
464 2943 632 3031 dominae,
654 2945 846 3034 Lygdame,
864 2943 998 3032 dempta
1017 2947 1109 3034 iuga.

170 3049 258 3118 Num
278 3064 332 3114 me
353 3047 479 3116 laetitia
500 3049 713 3118 tumefactum
733 3049 823 3118 fanis
842 3049 945 3134 inani,
1032 3147 1034 3152 Ι

209 3261 254 3310 ω.
277 3255 419 3326 perhennis
437 3259 475 3314 N.
499 3258 569 3328 nl..
597 3257 730 3328 peremnia
750 3261 785 3316 G.
869 3259 915 3316 ol.
935 3270 989 3322 qne
1012 3253 1070 3321 Μ.,
1096 3250 1204 3306 mnndi-

128 3359 180 3411 qne
194 3342 245 3400 nl.
263 3347 394 3414 attechi„
413 3361 493 3398 axem
505 3348 539 3404 D.
595 3351 640 3404 32.
657 3363 717 3400 cum
733 3347 774 3399 Μ.
796 3344 976 3400 tibatone.
1034 3336 1203 3398 8244114.

128 3428 252 3494 pernbebi
275 3430 328 3498 lc,
356 3431 466 3499 peuhebi
491 3433 546 3502 N.,
576 3447 624 3500 per
645 3432 716 3485 nebi
741 3433 794 3500 6.,
819 3429 942 3500 perthebi
963 3427 1037 3496 uh,
1064 3423 1206 3495 pernotant
1273 3448 1277 3454 ·

128 3529 172 3580 pr.
188 3530 226 3567 m.
243 3517 293 3583 D.,
311 3515 421 3583 perhebi
439 3532 509 3570 corn.
588 3519 633 3572 al.
651 3518 770 3572 attractio
791 3520 824 3571 G.
838 3519 875 3570 Η.
889 3516 930 3572 Μ.
1003 3515 1048 3566 85.
1066 3525 1140 3565 aeros
1157 3509 1207 3580 Ν..

129 3589 201 3652 aenis
214 3603 256 3673 ¹11.
285 3608 313 3654 et
335 3603 444 3656 ilamma
467 3604 537 3658 boon
555 3607 610 3674 N.,
636 3605 730 3658 bootes
749 3603 803 3658 1111.
883 3607 949 3660 26.
970 3599 1044 3654 cohit
1065 3598 1151 3664 ing'ue.
1171 3598 1211 3650 6.·

128 3689 172 3742 38.
192 3687 274 3752 partis
292 3690 328 3744 ll.
348 3691 379 3745 V.
393 3689 445 3742 nl.
470 3689 523 3742 iam
539 3705 593 3744 aec.
609 3707 644 3747 nt.
661 3689 715 3744 llh.
733 3692 809 3742 addit
827 3696 889 3758 poet
912 3685 1005 3756 partia.
1081 3688 1126 3737 ³9.
1143 3687 1207 3736 sunt

130 3777 165 3826 ll.
188 3775 236 3842 V„
253 3775 295 3828 sin
313 3774 365 3829 nl.
389 3776 526 3842 gigantum
545 3795 594 3834 om.
612 3780 650 3836 N.
718 3783 764 3834 40.
783 3776 969 3845 Thesiphonee
985 3773 1055 3844 flia,
1074 3771 1209 3842 Tesipho-
1284 3765 1288 3774 “

129 3875 177 3912 nes
195 3860 233 3935 N.
261 3860 324 3913 ierit
345 3865 377 3917 G.
392 3865 432 3918 Μ.
507 3861 826 3932 41.AnnePero·.f.P.
848 3861 1002 3916 ‘almeoniae
1022 3862 1055 3918 G.
1071 3877 1097 3914 a.
1118 3857 1209 3912 ieiuna
1273 3859 1275 3866 '

128 3943 210 3998 finam
227 3946 378 4012 pamllh.
433 3950 477 4001 42.
496 3941 803 4017 NonN.,‹leiobieii3
821 3948 883 4001 Nun
901 3945 951 4016 aa,
970 3941 1208 4006 deindenonllh„
1269 3945 1271 3950 ’
1334 4005 1336 4010 Ι

129 4029 192 4081 Nou
210 4029 260 4096 hta,
278 4031 370 4083 danda
386 4047 440 4084 nun
455 4035 495 4086 Μ.
564 4037 609 4087 43.
628 4034 690 4086 Non
705 4033 743 4084 N.
755 4032 808 4084 no.
829 4030 944 4084 custodit
963 4033 996 4084 6.
1053 4031 1097 4084 44.
1115 4025 1156 4094 et]
1174 4035 1229 4078 an¹

130 4112 207 4165 Pero.
222 4114 254 4164 Ρ.
322 4117 367 4167 io.
385 4114 468 4183 haud]
486 4120 533 4168 ant
554 4119 586 4170 θ.
601 4119 636 4170 n.
655 4133 699 4185 o.‚
718 4114 788 4168 haud
808 4116 885 4169 Pero.
903 4114 994 4184 quam]
1013 4111 1138 4182 quoniam
1155 4107 1209 4164 nt.

128 4199 174 4252 47.
191 4204 314 4266 mperest
331 4200 369 4253 N.
386 4203 422 4255 Β.
440 4205 474 4255 Α.

216 4286 269 4356 v1,
294 4293 320 4342 2.
347 4286 392 4342 ‚ic
414 4291 452 4344 N.
478 4287 656 4345 wiricotorie
680 4291 769 4362 culpo.
801 4289 852 4346 aim
875 4293 912 4344 Η.
942 4287 1048 4356 lydame
1072 4284 1152 4352 tlapta
1170 4281 1230 4336 N.

129 4376 156 4430 Β.
176 4373 239 4428 Non
257 4375 310 4443 N.,
330 4374 401 4429 Dum
420 4376 472 4432 nh.
489 4379 522 4431 A.
542 4380 574 4436 G.
591 4394 615 4432 c.
