2834 4972
217 431 249 476 vl

215 580 429 664 credidimus,
459 585 488 648 si
511 600 605 668 quem
629 581 730 646 locum
761 587 856 666 poeta
884 583 968 646 inter
996 583 1153 666 aequales
1180 582 1273 650 obti-

215 703 362 784 nuisset,
391 719 486 794 quarn
510 699 741 788 quodammodo
764 700 846 766 artis
867 716 952 764 suae
973 703 1171 784 provinciam
1193 720 1269 767 sor-

215 822 294 885 titus
326 827 436 902 esset,
468 819 626 905 quomodo
659 839 730 893 eam
759 817 1074 902 administravisset,
1102 838 1272 910 quousque

215 939 377 1008 excultam
399 959 420 1013 a
439 941 615 1008 maioribus
634 942 836 1025 accepisset,
858 937 935 1024 quid
958 937 1101 1005 additum
1123 940 1165 1006 ab
1186 942 1274 1026 ipso,

215 1055 292 1140 quid
315 1059 434 1125 futuris
455 1061 652 1146 temporibus
673 1060 819 1126 relictum
840 1063 951 1140 esset,
972 1076 1097 1132 summa
1117 1077 1189 1130 curn
1210 1077 1272 1127 ac·

214 1181 380 1253 curatione
402 1187 688 1268 perscrutaremur.
1132 1171 1135 1178 ’

313 1322 387 1406 Qua
415 1329 448 1396 in
476 1345 513 1394 re
543 1347 608 1396 uon
631 1325 780 1414 equidem
802 1341 887 1389 nunc
908 1340 1043 1406 vercor,
1070 1337 1114 1389 ne
1136 1326 1188 1391 cul
1209 1344 1272 1390 sn·-

214 1461 412 1529 pervacuum
441 1447 611 1531 videatur,
645 1445 729 1532 quod
759 1443 802 1509 de
828 1445 954 1529 patria,
986 1441 1028 1509 de
1056 1459 1198 1528 genere,
1228 1441 1272 1508 dc

213 1568 343 1645 aetate,
369 1562 411 1630 de
432 1567 566 1664 reliquis
588 1567 679 1644 vitae
701 1562 955 1647 conditionibus,
978 1569 1130 1649 quantum
1151 1565 1206 1630 vel
1228 1580 1272 1634 ex

35 1763 40 1774 ι
89 1747 90 1752 ,
211 1685 407 1749 carminibus
433 1687 516 1769 ipsis
545 1670 658 1758 confici
687 1689 841 1769 possent,
868 1682 925 1748 vel
951 1681 1083 1753 aliunde
1106 1678 1271 1748 innotuis-

210 1810 300 1884 sent,
329 1819 489 1899 quaerere
515 1805 651 1880 institui.
702 1803 798 1868 llaec
825 1804 910 1868 enim
941 1803 1048 1869 amnia
1076 1821 1171 1888 quam
1197 1806 1270 1867 arta

211 1928 246 1997 et
279 1919 384 2016 paene
418 1926 609 1996 necessario
637 1921 767 1988 vinculo
795 1939 868 1988 cunr
902 1919 1042 2003 studiis,
1077 1937 1162 2003 quae
1194 1920 1270 2005 quis

207 2039 381 2134 professus
404 2047 475 2123 est,
504 2043 747 2120 contineantur,
775 2042 839 2106 lam
861 2057 955 2106 nemo
974 2047 1040 2106 tam
1061 2056 1181 2105 caecus
1204 2045 1270 2118 est,

208 2160 284 2252 quin
328 2162 516 2245 perspiciat.
577 2163 651 2235 Nec
683 2179 798 2230 rursus
833 2157 876 2224 de
907 2161 1039 2225 minutis
1075 2157 1269 2242 quibusdam

207 2279 464 2372 quaestiunculis
491 2280 588 2352 nimis
616 2279 788 2345 sollicitum
816 2279 924 2345 fuisse
945 2279 1188 2363 nequisquam
1214 2281 1269 2344 in·

207 2396 347 2469 simulet.
389 2400 474 2472 Nam
494 2418 564 2476 curn
582 2401 707 2466 omnino
728 2400 763 2465 in
780 2399 852 2470 veri
873 2397 1130 2496 investigatione
1144 2395 1269 2464 discri-

207 2517 294 2589 mina
315 2519 410 2602 parvi
432 2527 466 2582 ct
485 2520 597 2606 magni
620 2515 718 2584 valde
740 2524 819 2590 sunt
840 2517 1010 2605 ambigua,
1032 2523 1098 2584 tum
1120 2519 1153 2582 in
1174 2520 1269 2584 eius-

206 2635 293 2709 modi
327 2634 572 2731 disquisitione,
606 2655 671 2736 qua
699 2642 924 2724 argumentum
959 2635 1091 2721 aliquod
1120 2637 1269 2703 funditus

207 2743 441 2842 quodammodo
464 2761 516 2827 est
544 2755 831 2833 exhauriendum·
855 2757 955 2844 Atqui
982 2774 1042 2827 uos
1068 2757 1192 2826 nostris
1213 2756 1269 2822 la-

206 2873 338 2948 boribus
359 2873 407 2938 ita
428 2876 591 2946 excultum
611 2877 697 2944 hunc
717 2878 860 2967 agellum
881 2874 1059 2955 voluimus,
1080 2879 1116 2938 ut
1135 2873 1270 2940 littera·

205 3009 275 3062 tvm
305 2991 523 3070 Romanorum
555 2993 724 3067 historiam
761 2996 977 3090 compositura
1006 2995 1138 3088 integra
1171 2993 1271 3060 huius

204 3113 310 3197 partis
339 3131 403 3186 non
425 3109 519 3182 modo
540 3118 658 3197 parata
679 3119 791 3195 esset,
817 3112 878 3178 sed
901 3111 1063 3198 disposita
1085 3115 1183 3178 etiam
1203 3131 1271 3180 ve*

202 3229 263 3303 luti
283 3231 446 3293 materies.
493 3228 693 3315 Quemquam
715 3249 872 3298 summam
893 3233 1005 3317 utique
1026 3231 1139 3298 harum
1161 3251 1270 3320 quac·-

205 3350 345 3423 stionurn
375 3351 409 3415 in
437 3349 570 3436 ingenia
599 3356 633 3416 et
660 3357 731 3418 arte
760 3358 879 3437 poetae
900 3350 1103 3418 illustrandis
1125 3353 1269 3439 positam

203 3483 300 3549 csse,
332 3474 456 3562 tantum
488 3449 585 3534 abest
623 3473 659 3535 ut
692 3451 881 3555 infitiamur,
915 3477 951 3538 ut
983 3473 1015 3537 si
1042 3471 1127 3538 bane
1156 3473 1269 3556 operis

203 3585 394 3672 particulam
420 3588 502 3652 viris
525 3586 632 3659 doctis
661 3590 931 3674 approbaverim,
959 3595 1015 3655 sat
1040 3607 1191 3678 magnum
1213 3589 1269 3654 bo-

201 3701 423 3774 cubrationuur
452 3723 596 3774 mearum
624 3707 763 3780 fructum
792 3711 984 3800 percepisse
1009 3724 1062 3773 me
1088 3709 1196 3774 visum
1225 3709 1269 3774 iri

199 3823 316 3897 lubens
343 3824 461 3896 late-ar.
509 3827 628 3922 Neque
657 3831 742 3900 enim
768 3827 830 3893 boc
866 3827 970 3893 solum
1002 3825 1178 3892 eruendum
1206 3845 1266 3892 es-

199 3959 239 4005 sc
274 3940 444 4028 duximus,
479 3944 597 4028 quibus
622 3954 720 4032 poeta
748 3947 805 4012 vel
837 3945 1017 4016 studiorum
1055 3945 1109 4010 vel
1139 3943 1265 4033 ingenii

199 4061 358 4132 subsidiis
385 4063 491 4138 fretus
518 4063 560 4134 ad
589 4063 643 4146 id,
671 4065 896 4157 qualecunque
918 4063 1074 4146 obtinuit,
1096 4063 1266 4149 fastigium

199 4180 244 4250 sit
283 4186 439 4263 evectus,
483 4189 538 4254 aut
580 4181 656 4267 quid
696 4202 779 4252 suae
817 4185 939 4264 aetati,
980 4184 1096 4249 suisve
1135 4180 1265 4246 civibus

198 4299 310 4370 lueuit:
345 4299 406 4374 scd
437 4321 511 4367 num
545 4301 692 4388 quadiu
726 4304 798 4369 eins
823 4301 1020 4371 carminibus
1046 4300 1126 4366 insit
1156 4299 1264 4384 κτῆμα
