2762 4972
206 311 259 389 92
521 317 714 379 Quaestionum
731 319 813 374 Liber
833 319 974 377 secundos.

207 506 338 573 certant,
362 502 397 559 ut
416 512 501 558 amor
523 501 553 558 et
578 492 725 568 amicitia,
751 490 853 554 flehsse
880 489 1040 556 admodum
1064 498 1098 556 et
1119 489 1290 554 misericor·
1367 567 1368 578 ἵ

206 587 286 650 diam
308 600 444 658 mouens,
474 580 554 661 quod
583 580 634 642 diu
656 590 685 642 et
706 579 800 640 denuo
831 595 947 659 semper
974 579 1147 642 reluctatus
1176 577 1289 638 trustra

206 673 320 737 animus
342 668 416 730 dura
436 669 575 732 fortunae
595 664 712 738 taudem
729 665 867 745 perferre
887 665 1013 746 cogitur,
1035 667 1131 746 quale
1150 672 1197 726 est
1210 661 1235 740 1,
1248 666 1289 741 6.,

205 760 258 823 ubi
277 758 353 819 hanc
375 753 599 836 dispositionem
618 753 709 814 facile
730 751 892 830 intelligas.
935 752 1010 815 Nam
1034 750 1167 814 exordio

203 893 223 947 i.
241 910 266 947 e.
286 906 345 960 στρ.
363 885 400 946 α’.
418 886 471 954 (uu.
491 887 595 955 1-4.)
614 885 747 938 amicitiae
764 885 852 938 suauis
874 885 980 938 testatio
1002 884 1181 954 continetur,
1203 882 1247 938 cui

205 962 326 1030 ἀντιστρ.
346 955 381 1013 α’.
400 956 532 1024 (5-10.)
553 961 722 1024 opponuntur
738 954 857 1006 firmiora
875 954 972 1006 auroris
990 955 1112 1021 vincula,

203 1029 289 1098 ἒπῳὸ.
308 1025 343 1080 α’.
361 1025 417 1094 (ll.
434 1025 490 1095 12.)
508 1026 604 1095 quibus
622 1023 848 1076 constrictum
866 1039 894 1075 se
912 1029 992 1092 poeta
1009 1024 1127 1076 fatetur.

203 1181 263 1233 στρ.
280 1163 314 1231 d.
334 1161 389 1230 (13.
410 1161 464 1229 14.)
482 1166 612 1214 terrarum
630 1093 979 1212 curiufflguddfuovisencarnm
1001 1129 1125 1212 studium

125 1253 126 1258 ¹
203 1233 323 1304 ἅντιστρ.
344 1231 380 1302 β’.
397 1230 551 1299 (ts—18.)
571 1229 665 1282 timore
683 1231 787 1298 puellae
809 1226 893 1280 iratae
911 1231 939 1279 et
962 1221 1217 1347 ειῐὺθσοιὲξῇἰέοθᾱετίσ
1235 1237 1281 1276 ve·

102 1361 104 1364 *
202 1370 287 1438 lupd.
304 1365 339 1437 β’.
357 1364 520 1420 vincitur.
538 1392 573 1404 —
609 1363 684 1416 Haeo
708 1367 797 1416 tamen
815 1380 877 1434 para
902 1361 1071 1426 significatur
1091 1363 1183 1431 potius
1203 1375 1280 1430 quam

353 1435 553 1505 pronuntiatum
572 1434 630 1486 sola
647 1433 718 1486 eninr
735 1431 916 1498 interrogandi
930 1431 1019 1498 figura
1035 1433 1203 1486 continetur.
1220 1455 1255 1466 --

200 1589 260 1646 στρ.
278 1569 315 1644 γ’.
333 1569 485 1640 (19-24.)
504 1570 599 1624 Valere
619 1502 829 1623 amicrrEriigiubet
853 1572 881 1622 et
906 1567 1011 1688 sortiger
1034 1569 1143 1650 maiora
1169 1585 1219 1624 sua
1241 1565 1279 1622 si-

983 1653 1027 1688 era
1044 1653 1135 1706 sequr.

199 1709 320 1779 ἀντιστρ.
338 1705 373 1776 γ’.
392 1705 447 1774 (25.
465 1705 521 1774 26.)
541 1707 578 1758 Se
595 1707 699 1773 merito,
718 1712 748 1760 ut
766 1707 821 1759 lata
838 1722 886 1758 sua
903 1708 1022 1774 expleat,
1044 1707 1174 1775 relinqui.

199 1779 284 1846 lupid-
301 1776 337 1847 γ’.
354 1777 504 1844 (27-30.)
523 1776 689 1830 Solatiurn
706 1776 777 1828 enim
794 1775 884 1828 amissi
901 1776 978 1828 amici
997 1776 1130 1828 malorum
1148 1774 1276 1830 societate

963 1859 992 1896 se
1009 1845 1207 1911 quaesiturum·

197 1929 256 1984 στρ.
275 1910 309 1970 d.
328 1909 478 1980 (31-34.)
496 1913 594 1964 Iterum
612 1914 698 1964 ualere
714 1911 789 1964 iubet
810 1927 869 1963 eum
888 1915 915 1964 et
931 1911 1038 1964 fortuna
1055 1929 1108 1966 sua
1126 1915 1177 1967 uti.

197 1982 317 2053 ἀντιστρ.
336 1977 372 2040 d.
392 1980 448 2049 (35.
464 1981 521 2051 36.)
540 1982 576 2033 Se
595 1981 660 2034 duro
677 1980 733 2034 lato
751 1981 880 2034 victurum
900 1995 969 2034 esse.

296 2117 379 2182 llaec
412 2125 509 2179 autem
539 2127 672 2181 extrema
704 2117 850 2180 sententia
882 2135 946 2180 cum
978 2111 1104 2201 ἒπῳδῴ
1132 2129 1271 2202 pertenta

142 2263 144 2272 ,
197 2203 317 2267 coaluit.
361 2201 419 2266 llla
448 2205 523 2265 enirn
552 2205 643 2284 (quae
665 2223 693 2266 u.
713 2208 763 2268 35.
785 2205 967 2285 potissimum
995 2205 1198 2286 significatur)
1227 2208 1269 2268 sio

196 2290 330 2352 dolorem
347 2291 472 2368 mitigat,
491 2298 523 2351 ut
542 2290 710 2364 amicitiam,
732 2308 808 2370 quae
827 2291 999 2370 praesentia
1019 2291 1062 2354 ali
1082 2310 1145 2355 non
1164 2293 1269 2376 possit,

194 2377 338 2440 memoria
359 2385 441 2438 certe
461 2375 544 2438 Tulli
563 2376 656 2439 toturn
677 2376 717 2436 iri
736 2378 895 2457 promittat.
1367 2431 1368 2450 2

296 2463 361 2524 Hoc
381 2461 514 2542 exemplo
533 2462 620 2524 simul
640 2470 782 2542 apparet,
802 2479 861 2524 non
881 2479 1005 2544 prorsus
1026 2462 1152 2526 eundem
1170 2481 1266 2546 neque
1367 2459 1368 2532 l

192 2547 225 2610 iu
246 2547 354 2610 iterato
369 2548 506 2612 'exordio
530 2565 626 2629 neque
650 2550 681 2609 iu
704 2549 841 2628 opposito
868 2550 999 2611 membro
1029 2569 1206 2631 resurgere
1223 2550 1267 2611 al·
1367 2619 1368 2646 ¹

192 2632 319 2711 lectum,
345 2632 398 2696 sed
419 2634 583 2714 paullulum
605 2651 721 2714 semper
743 2635 795 2695 sub
815 2634 901 2696 finem
922 2635 966 2698 ita
985 2635 1140 2712 inclinari,
1163 2646 1196 2699 ut
1215 2649 1266 2698 ue-

192 2719 249 2782 luti
269 2720 301 2781 in
320 2728 463 2782 concentu
481 2738 637 2783 neruorum
655 2729 811 2800 uergentes
832 2720 987 2800 paullatim
1008 2721 1047 2784 ad
1070 2725 1182 2785 exitum
1204 2739 1266 2784 mo·

192 2804 248 2868 dos
276 2808 447 2870 sentiamus.
490 2807 640 2884 Quocirca
665 2807 716 2887 qui
744 2807 893 2869 crassiore
915 2807 1054 2871 Minerua
1082 2808 1161 2872 illud
1188 2807 1262 2871 diui·

191 2893 281 2968 serit,
301 2892 486 2956 tenuioribus
508 2893 719 2957 sententiarum
739 2893 866 2955 flexibus
885 2894 1047 2971 neglectis,
1067 2913 1113 2958 uu.
1130 2897 1260 2960 5-10,

192 2987 223 3041 et
245 2981 296 3041 ll.
318 2982 369 3043 12.
391 2979 553 3058 coniungat
581 2987 612 3041 et
635 2976 705 3040 inde
728 2997 747 3040 a
771 2997 799 3042 r.
821 2983 870 3044 19.
893 2981 1114 3059 perorationem
1135 2980 1261 3061 incipiat

187 3063 301 3127 licebit.
352 3063 505 3130 Exultanti
530 3081 603 3128 uero
630 3063 740 3144 gaudio
766 3065 823 3128 lroo
852 3082 945 3144 genus
973 3067 1017 3128 sio
1040 3068 1151 3147 optime
1173 3067 1259 3141 cedit,
1367 3135 1368 3140 .

190 3150 218 3212 ai
238 3156 328 3230 poeta
348 3166 425 3211 nunc
446 3150 542 3226 hona,
570 3168 647 3229 quae
672 3149 795 3230 adeptus
821 3151 875 3225 sit,
899 3150 1073 3232 praedicat,
1100 3171 1179 3216 nuno
1206 3153 1260 3215 ob·

191 3237 317 3309 stantia,
344 3235 489 3316 aquibus
510 3234 599 3298 modo
620 3237 774 3311 timuerat,
794 3237 930 3317 proiecta
952 3239 1081 3301 etuieta
1099 3240 1258 3318 gloriatur.

191 3319 297 3402 ltaque
318 3319 349 3382 in
369 3321 423 3382 illo
444 3322 588 3397 carmine,
609 3319 688 3402 quod
708 3321 756 3384 El.
774 3322 805 3396 1,
825 3325 856 3400 8,
879 3324 1004 3388 1ψ25.
1027 3325 1258 3406 supplementum
1367 3319 1368 3412 ,

189 3423 257 3470 esse
285 3404 427 3482 diximus,
458 3407 568 3486 singuli
592 3425 688 3488 paene
715 3424 818 3470 uersus
848 3409 1027 3473 affirmantes
1055 3419 1084 3474 et
1111 3419 1255 3492 negantes

185 3491 230 3556 ita
258 3483 424 3567 alternant,
456 3501 489 3555 ut
515 3494 601 3574 prior
627 3494 751 3574 quisque
781 3493 890 3558 bonum
917 3493 1071 3576 adeptum,
1103 3497 1255 3577 posterior
1367 3531 1368 3562 ι

185 3578 292 3644 uictum
312 3577 446 3640 timorem
466 3588 591 3642 testetur
610 3580 666 3642 hac
688 3580 800 3659 ligura:
822 3598 850 3643 a.
869 3598 915 3645 uu.
937 3585 988 3644 27.
1010 3584 1061 3646 28.
1084 3580 1113 3644 b.
1133 3587 1185 3648 29.
1202 3585 1252 3646 30.
1367 3599 1368 3604 ’

185 3681 215 3726 a.
234 3668 285 3726 31.
305 3663 335 3730 b.
353 3668 404 3728 32.
427 3682 455 3727 a.
481 3668 531 3728 33.
546 3669 597 3730 34.
616 3666 808 3730 1135ψ39.
830 3684 858 3727 a.
872 3669 925 3730 to.
946 3667 974 3728 b.
987 3669 1040 3730 41.
1059 3685 1088 3729 a.
1102 3669 1253 3731 tta-44.
1367 3667 1368 3752 l

185 3748 217 3812 lt.
239 3749 291 3812 45.
336 3749 459 3811 Ultimus
483 3760 579 3815 autem
600 3770 718 3828 uersus,
746 3751 975 3832 unigenitum,
1002 3752 1166 3833 quodiam
1191 3753 1254 3835 pri·
1367 3769 1368 3830 ξ

184 3852 248 3898 mus
271 3835 458 3911 continebat,
484 3835 524 3898 ad
545 3838 696 3917 fastigium
719 3836 837 3902 ductum
852 3838 991 3920 ,exhibet
1017 3856 1135 3921 quoque
1158 3836 1252 3914 simul,
1367 3843 1368 3868 ³

191 3929 224 3982 ut
254 3937 370 4000 semper
404 3922 460 3984 luao
496 3923 617 3988 iomuna
648 3923 781 4000 truatur,
813 3921 912 4004 optat,
943 3925 1024 3986 solus
1051 3925 1251 3989 breuissimum
1367 3931 1368 3936 ’

190 4005 281 4069 elficit
307 4009 539 4087 perorationem.
589 4009 694 4072 Simile
728 4018 929 4088 argumentum
959 4011 1122 4092 similisque
1152 4009 1250 4092 dispo·

188 4093 258 4158 sitio
278 4099 322 4153 est
335 4090 382 4155 Ill.
397 4097 448 4156 14.
468 4102 498 4157 et
516 4096 547 4157 in
562 4097 713 4158 contrario
733 4097 838 4159 affectu
855 4095 880 4171 1,
898 4099 1009 4160 1118.
1027 4097 1064 4172 11,
1080 4101 1110 4160 3.
1127 4098 1180 4172 Ill,
1195 4100 1223 4159 l.

288 4176 378 4240 Aliud
405 4195 498 4256 genus
529 4184 653 4248 omnium
681 4182 949 4263 frequentissimum
978 4182 1022 4244 sic
1049 4183 1197 4256 nascitur,
1224 4178 1250 4240 si

187 4271 288 4346 partes
316 4263 441 4330 maioris
465 4267 590 4332 ambitus
620 4269 726 4332 iterum
747 4267 916 4334 diuiduntur
944 4275 974 4332 et
999 4268 1119 4350 integra
1145 4286 1198 4352 per
1219 4281 1250 4327 se
