2806 4974
265 355 354 429 Oapnt
370 357 408 412 11.
442 356 483 412 De
498 357 653 426 putrebato
671 356 733 414 libri
750 357 859 414 ammei
876 319 959 415 ιιιιιι.
1066 347 1141 427 221

69 532 325 612 negauimus
357 531 487 596 sensisse
512 529 647 610 uidetur,
677 549 712 596 sc
744 533 839 615 ipsum
869 532 1051 598 aduersariis
1080 534 1144 600 tela

67 628 208 700 aptasse,
233 619 338 699 quibus
358 637 440 681 suam
461 618 499 680 de
519 617 599 682 libro
622 617 751 682 secundo
773 619 973 702 dispertiendo
993 621 1143 684 coniectu·

70 723 137 767 ram
166 713 311 785 peterent.
354 705 430 768 Nam
460 702 565 773 eodem
593 706 669 767 banc
694 704 774 768 litem
799 706 916 782 redire,
946 724 1005 788 quo
1031 707 1144 776 Nobbii

69 791 205 864 somnia,
227 808 319 871 snpra
340 809 360 852 a
380 789 467 852 nobis
489 789 633 866 refutata,
654 790 746 854 laeile
768 799 814 856 esi
834 791 873 854 ad
894 791 1143 874 perspiciendum.

67 876 132 938 Sed
156 884 356 939 transuersam
378 875 440 957 egit
462 875 681 939 Lachmannum
708 877 787 940 falsa
812 877 890 942 alius
911 878 973 942 loci
996 879 1143 961 iuterpre-

69 961 234 1040 nauali,
254 964 284 1038 7,
305 966 356 1026 77
377 964 427 1043 (V,
450 967 479 1040 7,
497 965 549 1026 77.
572 961 620 1026 ed.
639 962 757 1044 Lips.:)

213 1103 248 1154 lit
265 1119 427 1174 quoscumque
444 1121 513 1158 meo
530 1107 662 1174 scripsisti
678 1107 811 1158 stamine
826 1121 928 1176 uersus,

238 1175 302 1226 Ure
320 1173 397 1228 mibi·
417 1176 509 1228 laudes
525 1176 612 1227 desim
632 1174 726 1227 bebere
737 1189 823 1228 meus.
884 1215 886 1220 .

73 1303 153 1369 Nam
174 1319 255 1366 meo
284 1304 433 1368 nomine
462 1305 633 1388 scriptos
654 1303 733 1383 idepn
755 1323 821 1368 esse
840 1305 937 1382 iubet,
966 1303 1044 1386 quod
1066 1323 1144 1368 meo

71 1389 227 1453 nomine
248 1390 463 1472 inscriptos
485 1409 636 1454 uersus:
659 1407 736 1454 meo
759 1393 906 1454 nomine
926 1393 1050 1474 proprie
1071 1393 1147 1455 nihil

75 1475 160 1538 aliud
185 1492 266 1551 esse,
287 1495 372 1556 quam
395 1495 476 1539 mea
498 1495 616 1540 causa
637 1478 687 1540 uel
707 1489 866 1560 propter
889 1495 941 1539 me
963 1488 992 1540 et
1013 1480 1147 1540 inunme-

75 1561 190 1624 rabiles
211 1523 266 1624 alii
282 1563 345 1625 loci
366 1561 474 1626 docent
493 1572 522 1626 et
537 1562 691 1626 Ciceronis
712 1573 786 1628 orat.
806 1581 878 1664 pro
880 1563 970 1627 Ruso.
987 1563 1068 1627 Gom
1083 1566 1147 1640 14,

73 1649 126 1709 ubi
150 1646 250 1710 alieno
271 1650 419 1711 nominc
441 1657 471 1712 et
491 1666 583 1712 causa
600 1666 722 1731 prorsus
741 1659 774 1713 ιιι
793 1639 968 1728 συνώνυμα
988 1651 1072 1713 iuxta
1090 1666 1148 1732 po-

75 1741 194 1795 nuntur.
237 1733 312 1798 llino
334 1750 413 1798 meo
435 1736 582 1798 nomine
603 1736 736 1816 scripti
756 1751 890 1799 uersus
910 1744 986 1811 sunt,
1008 1736 1146 1817 quibus

77 1836 150 1897 ego
172 1818 375 1883 celebrer
386 1838 592 1914 nomenque
614 1839 735 1886 meum.
778 1820 910 1883 Eandem
931 1782 1008 1887 narie
1030 1821 1148 1902 quideru

77 1922 197 1966 causam
221 1905 328 1982 inisse,
352 1915 385 1970 ut
405 1906 477 1968 libri
497 1900 555 1969 rel
571 1917 725 1988 poemata,
749 1907 854 2007 quibas
876 1908 989 1970 amicae
996 1899 1148 1970 celebra·

76 1999 194 2065 rentur,
223 1991 317 2072 ipsius
347 1991 668 2056 inscriberentur
695 1995 832 2068 nomine,
860 2000 971 2055 tantun
1000 1995 1086 2056 abest
1114 2000 1148 2058 ui
1225 2001 1229 2012 ’

76 2094 234 2154 negemus,
263 2086 294 2140 nt
323 2087 353 2140 et
373 2077 524 2159 Propertii
551 2081 677 2160 primum
702 2079 809 2141 librum
835 2088 964 2160 aposta
989 2079 1148 2160 superstite

77 2162 188 2226 editum
216 2162 285 2224 inde
312 2182 417 2226 nomen
443 2164 570 2227 traxisse
592 2164 678 2228 modo
700 2164 981 2244 significauerimns,
1008 2175 1036 2228 et
1064 2182 1148 2226 usum

76 2250 155 2312 bunc
182 2249 241 2308 iam
267 2249 346 2313 inter
368 2249 498 2312 Graecos
524 2252 653 2315 ualuisse
681 2253 837 2333 superiore
857 2248 937 2312 libro
959 2250 1048 2331 (Gap.
1067 2249 1147 2330 Vll.)

77 2337 311 2415 exposuerimus.
354 2335 416 2398 Sed
441 2336 503 2398 alia
530 2346 574 2400 est
602 2337 649 2399 rei
675 2354 783 2413 cansa,
809 2335 872 2398 alia
892 2335 977 2400 uerbi
998 2335 1149 2414 significa·

75 2422 130 2484 tio.
175 2419 290 2496 Quare,
312 2429 344 2483 ut
364 2422 428 2484 ueri
454 2438 512 2483 non
536 2431 581 2486 est
602 2421 758 2497 dissimile,
783 2423 988 2502 Propertium,
1009 2424 1034 2483 sl
1056 2439 1149 2503 quan-

80 2505 119 2568 do
151 2506 217 2586 ipse
246 2507 358 2586 scripta
386 2525 440 2569 sua
468 2507 624 2569 coniuncta
651 2508 811 2584 edidisset,
842 2508 891 2572 uel
920 2516 1070 2588 postrema
1099 2525 1149 2570 re-

76 2591 230 2672 liquorum
249 2592 394 2655 librorum
422 2595 553 2656 carmina
579 2591 682 2656 eodem
712 2594 829 2656 nominc
855 2594 953 2674 priori
976 2593 1056 2656 libro
1078 2594 1150 2654 sub-

76 2679 242 2740 iuncturum
269 2678 378 2754 luisse,
404 2678 448 2743 ita
474 2679 533 2742 iam
560 2679 669 2742 iactum
698 2679 731 2741 id
763 2697 846 2754 esse,
872 2679 927 2742 illo
953 2696 1043 2741 uersu
1070 2677 1148 2740 lalso

77 2763 186 2842 colligi
207 2763 415 2828 existimamus.
456 2765 496 2828 At
517 2782 554 2826 ue
571 2764 787 2846 Porphyrionis
807 2764 925 2845 quidem
943 2765 1045 2838 uerba,
1063 2780 1150 2844 quae,

77 2851 104 2913 si
132 2850 164 2911 in
192 2851 359 2930 praeceptis
386 2868 482 2931 purae
502 2850 674 2913 Latinitatis
697 2851 856 2932 quidquam
877 2851 992 2915 ualeret
1021 2848 1151 2911 scholia-

76 2947 144 2999 stae
174 2936 353 3010 auctoritati,
383 2937 589 3000 Lachmannus
615 2937 745 2999 fortasse
766 2938 797 2999 in
819 2956 881 3001 rem
903 2954 984 2999 suam
1007 2935 1151 2997 adbibere

76 3022 241 3103 potuisset,
264 3022 352 3084 aliter
374 3023 551 3104 explicanda
572 3041 637 3085 esse
656 3040 822 3098 censemus,
843 3022 895 3104 qui
913 3022 1030 3085 Horatii
1052 3019 1151 3105 Germ.

77 3109 108 3184 l,
131 3113 191 3180 22,
218 3111 284 3170 lo:
312 3107 412 3182 „Dum
436 3127 529 3172 meam
551 3119 637 3172 canto
658 3109 822 3188 Lalagen“
850 3110 892 3170 sic
922 3110 1151 3188 interpretatura

79 3193 135 3269 „id
160 3202 220 3268 est,
248 3210 367 3255 carmen
387 3196 419 3256 in
440 3195 616 3274 Lalagen
638 3197 779 3269 amicam,
807 3195 870 3256 eius
892 3195 1044 3256 nomine
1071 3209 1152 3254 com-

77 3279 236 3361 positam.“
278 3280 342 3342 ldoc
366 3281 441 3343 enim
459 3281 538 3343 uelle
555 3280 688 3344 uidetur:
709 3282 850 3344 Horatius
865 3280 1000 3360 Lalagen
1020 3277 1153 3360 appellat

79 3381 199 3428 carmen
225 3365 257 3426 in
284 3365 428 3429 bonorem
456 3369 569 3430 amicae
599 3369 754 3468 scriptum,
784 3383 939 3449 quoquc
969 3367 1053 3428 eius
1083 3380 1152 3427 no-

78 3469 159 3514 men
182 3451 416 3515 celebretur.
461 3453 588 3516 Gausam
610 3457 687 3516 enim
706 3452 806 3528 addit,
828 3451 907 3534 quud
927 3451 1002 3517 talia
1020 3451 1153 3514 carmina

77 3538 169 3615 uulgo
185 3539 349 3616 argumenti
365 3537 483 3601 nomiae
499 3540 723 3621 appellarentur
738 3548 768 3603 et
787 3540 1081 3611 inscriberentur,
1083 3535 1153 3611 ,Sic

81 3632 110 3685 et
130 3623 211 3685 liber
228 3623 338 3685 Lucilii
358 3623 488 3687 decimus
509 3636 609 3689 sextus
632 3626 791 3704 (lollyra
811 3625 984 3688 inscribitur
1006 3639 1053 3697 eo,
1071 3619 1154 3701 quod

81 3708 128 3769 de
157 3707 321 3788 Collyra
350 3729 417 3774 sua
447 3713 575 3793 scriptus
604 3713 673 3776 sit.“
721 3712 823 3776 Potuit
853 3711 929 3774 enim
959 3709 1007 3771 bic
1035 3725 1154 3788 quoque

81 3793 198 3858 dicere:
228 3794 308 3875 quod
338 3795 526 3876 Collyrae
553 3800 700 3861 nomine
729 3799 855 3878 scriptus
883 3803 936 3858 est.
980 3795 1074 3872 Quam
1100 3812 1155 3856 ua·

79 3881 142 3942 rios
173 3880 250 3943 enim
278 3899 347 3942 usus
376 3884 452 3946 baec
478 3882 598 3945 dicendi
623 3883 753 3947 formula
774 3883 916 3964 recipiat,
940 3880 977 3958 Q.
998 3881 1155 3944 Memmius

82 3966 169 4029 docet
195 3985 244 4047 ap.
266 3966 389 4032 Sueton.
410 3969 470 4034 Vit.
492 3969 614 4033 Terent.
636 3975 681 4033 3.·
708 3969 818 4068 ,Quae
840 3969 920 4030 domi
947 3967 1061 4028 luserat
1087 3967 1155 4046 ipsc

80 4052 214 4132 (Scipio)
238 4053 387 4116 nomine
410 4055 526 4117 illius
549 4054 746 4135 (Terentii)
737 4073 768 4116 ιιι
790 4072 908 4118 scenam
931 4050 1065 4115 detulit.“
1108 4049 1155 4114 ld.

81 4137 118 4198 de
149 4138 257 4202 illustr.
280 4156 419 4218 gramme
449 4141 569 4218 „Quos
585 4143 680 4203 libros
703 4141 837 4204 Orbilius
863 4155 1038 4239 suppressus
1067 4135 1155 4199 rede·
1234 4184 1237 4198 ,

80 4223 169 4286 misse
196 4241 229 4286 se
258 4223 351 4301 dixit,
386 4227 613 4308 vulgandasque
649 4244 770 4290 curasse
804 4228 960 4289 nomine
993 4220 1155 4286 auctoris.“

79 4308 147 4374 clia
175 4310 254 4374 enim
280 4328 405 4392 prorsus
433 4313 513 4378 ratio
543 4322 588 4378 est
614 4312 762 4378 formulae
792 4312 859 4376 sub
884 4309 1050 4389 nomine,
1078 4323 1155 4389 quac
