2848 4972
441 381 654 447 PROPERTN
675 381 737 448 El..
759 367 818 460 IV,⁴
832 382 865 448 2.
1089 369 1093 378 ’
1126 387 1186 450 1³8

154 549 261 618 Indue
282 569 335 618 rue
349 550 454 634 Cois,
478 549 552 617 liam
574 569 640 616 non
662 548 745 618 dura
767 548 889 635 puella:

195 657 317 742 Meque
335 659 442 723 virum
464 663 597 742 sumpta
618 658 692 741 quis
714 662 817 745 neget
837 671 916 722 esse
937 647 1051 748 togai‘

107 769 134 815 ὅ
152 756 207 824 Da
228 760 346 826 falcem
366 766 401 826 et
421 765 507 827 torto
529 760 669 829 frontem
689 758 767 825 mibi
789 761 962 852 comprime
981 760 1093 828 foeno:

193 858 324 952 Iurabis
346 869 460 929 nostra
480 864 633 952 gramina
655 867 752 932 scota
772 879 878 930 manu.
1050 945 1052 950 Ι

151 963 255 1033 Arma
274 965 334 1034 tuli
357 964 519 1051 quondam
540 971 591 1048 et,
612 967 760 1046 memini,
781 963 942 1032 laudabar
961 965 995 1028 in
1016 961 1098 1030 illis:

196 1064 314 1133 Corbis
335 1070 369 1134 in
390 1071 541 1155 impositu
563 1066 709 1155 pondere
730 1087 860 1134 messor
881 1083 981 1134 eram.

152 1168 293 1240 Sobrius
317 1171 360 1237 ad
381 1172 472 1238 lites:
495 1179 531 1243 at
552 1191 623 1242 cnm
647 1179 700 1239 est
719 1173 862 1257 imposta
883 1186 1013 1251 corona,

107 1286 136 1330 ro
196 1268 363 1340 clamabis
385 1275 486 1357 capili
507 1275 586 1339 vina
608 1273 743 1338 subisse
764 1289 846 1362 meo.

150 1369 259 1463 Cinge
280 1381 380 1462 caput
400 1379 514 1460 mitra,
537 1379 683 1462 speeiem
703 1377 836 1446 furabor
854 1371 983 1469 Iacchi:

193 1479 344 1550 Furabur
364 1478 506 1564 Phoebi,
528 1482 558 1549 si
580 1479 675 1550 modo
695 1480 822 1566 plectra
845 1478 952 1549 dabis.

151 1576 314 1646 cassibus
341 1583 503 1667 impositis
525 1601 646 1652 venor:
670 1582 732 1648 sed
755 1583 913 1650 arundine
934 1583 1065 1674 sumpta

191 1683 327 1748 Faunus
349 1685 495 1769 plumoso
518 1683 696 1756 samaeus
720 1687 869 1771 aucupio.

106 1798 135 1844 so
150 1783 218 1851 Est
240 1787 346 1852 etiam
360 1790 499 1877 aurigae
521 1790 653 1875 species
673 1790 891 1870 Vertumnus,
911 1793 946 1854 et
968 1786 1053 1866 eius,

193 1891 331 1968 Traiicit
352 1892 478 1964 alterno
501 1897 556 1979 qul
579 1893 656 1959 leve
679 1892 806 1978 pondus
828 1910 922 1978 equo.

153 1986 317 2076 suppetat
337 1989 415 2074 boc,
437 1993 549 2079 pisces
569 1993 695 2060 calamo
716 1992 917 2079 praedabor,
940 1997 974 2057 et
993 1990 1047 2057 ibo

192 2091 335 2158 Mundus
358 2094 515 2162 demissis
536 2096 667 2162 institor
687 2099 721 2162 in
741 2099 870 2162 tunicis.

150 2197 323 2270 Pastorem
345 2197 387 2264 ad
411 2200 559 2268 baculum
581 2218 716 2288 possum
739 2216 872 2280 curare,
894 2198 949 2263 vel
970 2194 1057 2263 idem

102 2311 132 2360 ro
194 2298 369 2384 sirpiculis
390 2302 497 2371 medio
518 2303 656 2388 pulvere
676 2303 764 2370 lerrc
785 2320 906 2370 rosam.

148 2401 324 2488 Numquid
343 2422 406 2492 ego
421 2403 585 2486 adiiciam,
607 2403 727 2490 dequo
747 2405 824 2472 mihi
845 2407 987 2472 maxima
1004 2403 1092 2472 lama
1112 2406 1176 2484 cst,

191 2505 367 2572 Hortorom
389 2508 422 2571 in
444 2507 595 2576 manibus
619 2507 703 2573 dona
723 2507 859 2592 probata
881 2501 988 2573 meisi

149 2605 333 2675 Caeruleus
354 2612 499 2676 cucumis
521 2608 710 2694 tumidoque
730 2609 899 2675 cucurbita
919 2611 1037 2672 ventre

189 2709 246 2774 Me
267 2714 362 2776 notat
384 2715 418 2776 et
438 2712 534 2778 iunco
557 2711 709 2778 brassica
730 2713 842 2776 vincta
862 2709 945 2774 levi:

103 2827 132 2872 as
149 2812 222 2877 Nec
243 2813 304 2877 lus
327 2811 413 2878 ullus
435 2812 505 2879 hiat
526 2817 650 2898 pratis,
674 2815 750 2900 quin
771 2814 827 2879 ille
849 2813 1005 2878 decenter

191 2914 368 3001 impositus
389 2916 488 2982 fronti
511 2915 670 3005 langueat
692 2924 770 2984 ante
791 2933 894 2988 meae.

147 3017 195 3083 At
216 3016 309 3100 mibi,
332 3018 419 3110 quod
441 3018 564 3090 formas
587 3039 672 3091 onus
692 3020 849 3092 vertebar
868 3021 902 3090 ln
925 3032 1049 3096 omnes,

190 3123 319 3188 Nomen
340 3122 382 3187 ab
405 3129 525 3193 eventu
547 3125 656 3208 patria
676 3122 790 3217 lingua
810 3121 912 3192 dedit.

149 3219 198 3288 Et
219 3228 272 3304 tu,
294 3224 417 3305 Roma,
438 3224 522 3288 meis
543 3224 686 3289 tribuisti
708 3223 854 3308 praemia
875 3221 1007 3285 Tuscis.
1126 3229 1128 3234 ’

105 3337 135 3386 oo
192 3325 288 3394 Unde
311 3324 409 3395 hodie
429 3329 525 3398 mous
547 3327 680 3396 nomina
701 3326 833 3397 Tuscus
854 3323 969 3405 babet,

174 3508 217 3554 23.
237 3504 338 3560 luduaa
353 3521 378 3558 r.
397 3503 470 3560 cboia
491 3507 524 3563 6.
543 3507 597 3573 Ν.,
615 3501 686 3556 cacia
702 3521 727 3560 r.
794 3505 838 3560 zi.
855 3504 943 3569 Atque
959 3512 999 3568 a,
1018 3495 1128 3561 iamque
1145 3493 1177 3547 Ρ.

104 3585 285 3659 „⁰1·“P0rr·
322 3571 326 3582 ’
355 3593 397 3647 2⁵.
419 3591 461 3642 Da
480 3589 587 3642 facilem
606 3591 639 3650 6.
656 3589 714 3642 iero
730 3604 820 3661 prmo.
837 3585 891 3648 Hb.
960 3588 1003 3642 26.
1020 3581 1123 3634 semina
1142 3581 1176 3634 6.

104 3707 175 3760 iacto
190 3706 235 3768 6.,
255 3701 326 3756 facta
343 3722 368 3763 r.
435 3709 477 3760 28.
496 3663 525 3781 ieri
546 3711 590 3776 6.,
606 3713 634 3762 et
653 3727 692 3778 ra,
708 3707 738 3761 in
754 3709 793 3768 Η.
809 3706 894 3762 ml.
964 3708 1007 3759 29.
1025 3717 1104 3769 quoru
1119 3701 1173 3756 Hb.

103 3789 229 3856 imposita
244 3805 269 3843 r.
320 3795 364 3844 au.
381 3788 438 3843 vira
454 3807 496 3857 pr.
509 3807 543 3844 m.
557 3790 611 3844 Hb.
629 3795 679 3844 snb
698 3808 757 3845 suaa
774 3794 807 3845 6.
861 3795 905 3844 31.
922 3785 996 3839 achei
1016 3788 1048 3842 6.
1062 3791 1098 3839 N.
1110 3786 1176 3854 Hb,

103 3872 527 3942 aonaei‘n.11.r.‚aolririr.
596 3880 639 3929 33.
658 3890 757 3928 vaenor
776 3876 828 3932 N„
880 3874 923 3929 34.
942 3870 1031 3929 Fauor
1048 3875 1084 3928 Ν.
1092 3910 1101 3936 ,
1120 3871 1176 3923 Fur

104 3973 189 4011 vonor
212 3973 256 4024 pr.
274 3975 309 4008 m.
330 3956 380 4014 nl.
466 3964 510 4015 ³5.
532 3962 590 4012 elue
606 3961 643 4020 Ν.
660 3959 727 4028 nb„
755 3961 827 4013 aulos
846 3975 870 4011 r.
954 3961 997 4010 ³6.
1017 3956 1120 4014 Traicit
1138 3961 1173 4008 Ν.

102 4043 158 4102 Hb.
171 4045 204 4094 li.
268 4049 313 4101 31,
330 4045 476 4113 Suppeclat
490 4044 553 4114 Hb„
572 4047 676 4115 Suppat
693 4049 731 4098 H.
743 4045 793 4112 M„
813 4045 945 4110 suppetat
961 4043 997 4099 N.
1062 4047 1105 4094 39.
1125 4041 1172 4092 ba·

103 4129 210 4182 obulum
228 4143 252 4181 r.
330 4129 750 4198 comminiscens,
776 4126 929 4194 Serpiculoc
948 4132 987 4184 H.
1005 4128 1061 4192 M„
1088 4125 1174 4191 Sirpi-

101 4214 177 4265 culos
188 4229 231 4280 pr.
243 4229 278 4268 m.
290 4212 343 4272 Hb.
394 4218 437 4270 ll.
453 4216 565 4270 adiciam
577 4216 614 4276 N.
624 4218 659 4268 ll.
672 4213 727 4273 Hb.
743 4229 807 4268 cura
819 4218 860 4269 est
874 4214 907 4270 6.
917 4218 954 4268 Η.
970 4214 999 4268 V.
1047 4209 1175 4267 42.Tor-

101 4307 190 4352 torum
212 4301 246 4355 6.
325 4303 368 4354 ii.
388 4301 464 4364 uinco
483 4303 519 4357 Ν.
536 4319 561 4361 r.
578 4301 631 4354 Hb.
657 4303 749 4355 iuncta
766 4317 791 4358 r.
808 4301 842 4358 D.
922 4301 966 4360 lc·
986 4293 1115 4364 Imposuit
1133 4296 1173 4346 M.

103 4385 214 4450 languet
233 4387 267 4442 6.
324 4390 368 4442 19.
384 4388 421 4442 At
441 4389 474 4442 6.
489 4389 524 4448 Β,
538 4386 591 4444 Hb.
604 4390 639 4443 Δ.
689 4391 732 4444 ib.
751 4385 874 4440 Therona
892 4382 998 4444 nonuna
1016 4382 1088 4435 riona
1105 4385 1142 4436 H.
