2834 4972
1119 425 1122 434 ⁴
1152 429 1199 476 ill

136 584 181 674 εἰς
204 579 277 670 dol,
304 583 390 673 quod
408 601 473 658 uon
495 577 629 650 saeculo
651 585 847 661 excusetur,
868 578 931 644 scd
952 578 1039 666 qood
1061 573 1198 648 aethrua

134 707 234 779 laude
270 705 404 794 dignum
436 705 575 771 omniurn
608 708 785 787 temporum
816 699 951 786 ingenia
979 697 1070 765 alere
1099 707 1199 786 atqua

136 793 308 897 delectare
328 825 445 910 possit.
487 823 585 888 Hunc
604 823 689 886 culm
711 837 867 886 summum
889 815 1086 905 philologiae
1104 817 1200 884 linem

135 948 193 1040 qui
213 965 279 1018 uon
301 948 525 1044 agnoverunt,
546 940 738 1008 docentibus
758 937 1041 1022 honestissimum,
1065 937 1200 1006 discen-

131 1049 223 1136 utus
247 1069 358 1136 autem
379 1069 414 1128 et
434 1061 681 1142 oblectationis,
709 1066 743 1126 ct
764 1076 867 1126 verae
888 1059 1038 1126 utilitatis
1059 1058 1199 1144 plenum,
1310 1069 1312 1073 ·

132 1180 195 1248 sed
225 1184 282 1267 qui
310 1184 399 1248 circa
426 1180 560 1270 singula
587 1176 693 1246 solum
719 1179 859 1261 curiosi,
882 1177 1053 1264 quidsuis
1075 1179 1199 1246 lahori-

133 1303 195 1370 bus
219 1303 403 1383 enituntur,
422 1297 488 1386 ipsi
509 1301 677 1387 ignorant:
695 1314 761 1364 nae
781 1297 828 1362 illi
848 1299 942 1383 primi
960 1301 1200 1383 commiserunt,

135 1427 171 1488 ut
195 1425 353 1518 perennis
374 1422 429 1487 ilie
451 1420 555 1486 omnis
578 1417 684 1483 cultus
705 1416 905 1484 humanioris
929 1417 1005 1486 fons
1031 1426 1065 1487 et
1091 1427 1199 1508 caput,

133 1542 327 1626 antiquitus,
344 1542 386 1609 ah
406 1541 514 1626 impiis
534 1538 704 1622 nepotibus
727 1540 851 1606 sensim
862 1538 1006 1607 fastidiri
1022 1541 1200 1627 coepisset,

133 1667 237 1752 utque
265 1659 355 1726 haud
383 1657 495 1748 procul
520 1659 627 1740 absit,
656 1659 731 1744 quin
758 1659 922 1742 professio
948 1663 1062 1726 nostra
1087 1657 1197 1726 multis

133 1777 328 1864 deridiculo,
345 1799 422 1846 mox
438 1780 535 1846 etiarn
546 1778 742 1862 contemptui
760 1779 860 1869 vulgo
878 1779 1053 1846 habeatur:
1075 1779 1105 1844 si
1118 1795 1198 1865 per-

132 1901 254 1964 vicerit
275 1899 395 1985 opinio,
414 1898 566 1966 barbarie
586 1895 772 1963 manifesta.
816 1898 1018 1985 Quamquam
1038 1898 1112 1986 quis
1133 1899 1211 1980 nisi¹

134 2017 293 2107 philologi
325 2021 476 2085 auctores
512 2019 739 2101 persuasionis
766 2018 854 2085 illius
883 2022 1061 2087 extiterunt
1089 2018 1198 2106 magis

133 2139 168 2204 in
190 2137 264 2204 dies
284 2138 477 2228 gliscentis,
505 2139 600 2235 quasi
622 2136 795 2224 disciplina
822 2153 885 2202 sua
907 2133 951 2202 aii
976 2141 1048 2202 arte
1072 2135 1198 2223 pulchri

132 2257 266 2342 impune
294 2263 411 2344 posset
439 2255 562 2326 divelli.
613 2259 716 2345 Atqui
743 2257 818 2325 hinc
845 2258 996 2342 crimina,
1031 2253 1107 2329 irinc
1135 2273 1196 2322 aa·

132 2373 293 2459 lemniae,
313 2377 389 2446 hiuc
410 2380 675 2447 obtrectationes.

234 2520 322 2598 Hinc
343 2522 485 2611 denique
505 2523 592 2596 levis
620 2523 678 2596 illa
702 2526 793 2597 natio
813 2541 933 2592 novam
954 2530 1059 2594 artem
1079 2523 1197 2610 auspi-

131 2646 210 2714 cata
232 2647 302 2722 est,
329 2659 395 2728 qua
416 2658 486 2712 cum
511 2643 746 2738 philologorum
766 2663 884 2716 nomen
903 2651 1068 2729 tamquam
1090 2641 1196 2710 dede-

130 2777 193 2830 cus
216 2767 410 2847 respuentes
432 2761 522 2828 solos
545 2761 748 2835 aesthetioos
774 2784 814 2836 sc
834 2763 948 2830 haberi
971 2763 1093 2847 velint,
1120 2765 1196 2829 ina-

130 2880 189 2950 nia
210 2898 274 2943 sua
295 2876 338 2952 de
365 2884 509 2967 antiquis
536 2881 751 2967 scriptoribus
780 2880 929 2962 oracula,
956 2879 1043 2947 nullo
1072 2881 1196 2949 sudoro
1287 2960 1290 2968 Ι

131 2999 305 3082 quaesita,
326 2999 524 3078 confidenter
541 2999 730 3085 venditant,
751 3007 808 3067 aut
829 3006 920 3066 certe
940 3003 1093 3068 memoria
1114 3019 1197 3068 sae-

131 3119 271 3210 pissime
292 3118 402 3192 fahaoi
434 3137 601 3206 sensuque
627 3123 825 3216 nescioquo
851 3118 1008 3202 naturali,
1029 3119 1197 3187 fallacioro

133 3237 236 3310 elium
263 3237 339 3304 freti
346 3285 358 3327 2
385 3241 542 3318 orationis
571 3241 704 3316 fucamc
724 3217 896 3312 lenociniis
918 3245 1083 3336 stuporem
1104 3241 1198 3338 vulgi

132 3352 354 3430 demerentur.

235 3503 301 3576 liis
317 3502 419 3572 simul
440 3511 477 3571 ut
498 3505 627 3576 obviam
648 3508 790 3590 iremus,
810 3512 911 3592 utque
929 3509 1020 3576 artes
1042 3505 1114 3571 sola
1133 3523 1198 3577 ve·
1241 3579 1244 3584 .

125 3637 192 3688 rae
222 3625 360 3711 rationis
391 3624 554 3696 ohlivioue
583 3632 698 3697 contra
725 3633 875 3693 naturam
901 3623 1051 3689 divulsas
1078 3625 1197 3716 optime

128 3741 318 3806 consociari
344 3761 445 3826 posse
471 3743 787 3828 demonstraremus,
814 3744 901 3814 uuila
927 3744 994 3818 alia
1019 3761 1057 3812 rc
1081 3718 1197 3815 melius

126 3877 193 3926 nos
218 3873 446 3942 procuraturos
470 3862 641 3947 duximus,
670 3883 766 3950 quam
791 3866 839 3947 si,
868 3880 954 3957 quae
976 3862 1072 3932 solito
1093 3865 1197 3928 inter-

127 3981 260 4060 prelum
283 3997 372 4047 more
392 3999 451 4066 per
473 4000 585 4050 omnes
613 3987 862 4058 commentarios
886 3983 1060 4069 dispersae
1087 3983 1198 4058 forent

128 4094 387 4170 ohservationes
420 4104 455 4172 in
485 4121 581 4172 unum
612 4106 710 4188 quasi
741 4123 858 4190 corpus
889 4102 1044 4174 redactas
1075 4111 1108 4175 ot
1136 4123 1196 4188 per

127 4217 242 4281 certos
266 4213 357 4283 lucos
384 4216 537 4311 digestas
565 4223 713 4293 oratione
734 4225 885 4293 contiuua
914 4237 1194 4308 persequeremur.

125 4330 183 4397 lta
206 4334 343 4402 animum
350 4382 362 4419 ,
383 4338 439 4422 qui
459 4341 598 4407 seorsim
619 4341 759 4430 singulis
782 4344 932 4410 t1·actatis
951 4358 1010 4427 per
1033 4339 1194 4405 contraria
