2806 4974
297 392 386 462 caput
403 392 436 446 V.
469 391 512 444 De
530 393 603 446 libris
623 390 757 464 Propertii
773 369 966 459 manuscriptis.
1085 369 1163 449 233

29 533 33 538 .
91 556 194 640 Quod
210 564 241 627 in
269 566 457 649 Propertium
488 583 675 648 nequaquam
705 566 793 632 ualet.
849 565 924 629 Nam
954 561 1095 626 librarios
1123 564 1160 638 is,

92 651 144 729 qni
172 660 256 713 renis
283 653 377 730 illud,
412 654 449 715 dc
478 671 537 733 quo
572 653 714 728 diximus,
746 653 897 732 exemplar
928 667 965 714 ex
992 651 1160 731 antiquiore
1244 673 1248 681 ·

91 737 180 797 etiam
202 737 281 799 libro
299 740 500 820 descripserit,
520 739 636 800 incuria
655 739 820 824 potiusvel
839 737 959 800 inscitia
977 737 1051 812 teri,
1073 753 1159 816 quum

90 821 223 883 novandi
243 824 369 888 libidine
388 827 532 907 peccavit,
551 833 583 887 ut
605 842 642 886 cx
661 825 775 900 iisdem,
795 842 871 905 qnae
891 841 981 904 supra
998 825 1159 902 posuimus,
1232 856 1234 860 ·

90 908 234 989 exemplis
254 921 387 992 apparet.
429 912 540 992 ltaque·
553 911 579 971 si
602 909 692 972 semel
710 920 853 980 uetustam
872 909 953 970 illam
975 911 1160 990 scripturam,

89 993 172 1056 ultra
194 1015 280 1075 qnam
303 997 443 1060 recedere
466 1015 524 1059 nou
547 1005 592 1058 est
617 1013 804 1070 concessum,
833 995 1046 1069 invenerimus,
1076 1009 1161 1056 erro·

89 1097 140 1140 res
164 1089 262 1142 tamen
289 1085 408 1145 facilius
431 1102 518 1163 quam
539 1082 757 1144 emendationes
778 1099 878 1145 rerum
901 1080 1082 1142 subodorari
1104 1095 1159 1141 nos

89 1166 255 1245 patiuntur.
298 1171 336 1237 At
362 1187 458 1250 noque
486 1170 607 1250 antiqua
636 1170 691 1249 ille
718 1169 821 1231 ulcera
851 1168 936 1228 nimis
964 1175 1031 1228 sunt
1059 1164 1159 1239 multo,

90 1253 354 1334 nequerpristinuc
381 1257 545 1336 scripturae
574 1255 766 1334 investigatio
789 1252 951 1316 molestior.
993 1250 1068 1312 Nam
1095 1267 1161 1312 cnm

89 1338 180 1400 codd.
203 1357 269 1400 mss.
291 1342 415 1402 alterurn
437 1359 474 1402 ex
496 1341 592 1403 altero
613 1341 733 1404 fluxisse
756 1357 792 1403 ne
813 1339 905 1402 semel
924 1335 1041 1418 quidem
1061 1337 1158 1416 possis

90 1423 274 1486 confidenter
307 1427 473 1503 adfirmare,
509 1445 632 1507 cumque
662 1429 693 1489 in
723 1436 821 1491 certas
854 1427 939 1506 quasi
969 1423 1099 1484 familias
1131 1430 1161 1485 ct

90 1520 188 1571 sectas
213 1511 372 1574 difficulter
395 1522 424 1575 et
446 1523 517 1574 raro
539 1521 651 1576 tantum
672 1523 785 1587 coeant,
806 1521 904 1573 tamen
924 1510 1084 1591 ipsa-baec
1099 1505 1160 1568 dis·

91 1599 246 1676 crepantia
271 1617 353 1659 sutrin
376 1599 465 1660 hebet
488 1607 517 1662 et
543 1600 695 1680 proprium
717 1597 908 1661 commodum.
951 1597 1060 1658 Eorum
1084 1594 1160 1655 cuim

90 1681 252 1758 librorum,
274 1701 348 1764 quos
374 1693 424 1747 aut
445 1685 503 1766 ipsi
525 1686 716 1761 contulimus,
745 1695 795 1747 aut
817 1700 941 1764 quorum
963 1683 1001 1742 ab
1024 1680 1091 1741 aliis
1114 1680 1159 1740 iu·
1226 1753 1236 1770 ἱ

91 1769 221 1830 stitutum
245 1772 494 1851 comparutionem
516 1787 580 1832 cum
602 1771 759 1851 diligentia
781 1770 981 1849 excripsimus‚
1002 1783 1073 1845 pars
1092 1766 1158 1846 ple-

91 1871 186 1934 raque
214 1855 315 1933 longe
333 1857 474 1937 plurimas
502 1857 657 1923 cicatrices
687 1858 880 1919 librariorum
911 1853 1082 1932 ignorantia
1109 1850 1158 1914 uel

91 1940 233 2001 socordia
261 1945 383 2022 aceepit.
428 1943 484 2005 Ubi
513 1961 585 2007 rcro
615 1944 703 2006 etiam
731 1942 984 2005 emendationibus
1013 1938 1160 2000 turbatum
1273 1964 1283 1983 ν

93 2034 155 2100 est,
187 2028 218 2086 in
249 2028 372 2106 singulis
401 2030 499 2092 uerbis
536 2030 682 2109 correctio
713 2031 884 2110 saepissime
919 2023 1068 2098 subsistit,
1102 2039 1161 2084 non

91 2120 170 2174 totas
201 2116 359 2177 sententias
382 2123 515 2196 occupat.
558 2116 721 2196 Speciosae
744 2125 840 2177 autem
861 2113 1013 2192 doctrinae
1040 2109 1161 2170 crimino

93 2199 164 2277 quia
182 2198 449 2280 Groniuganus
473 2209 561 2262 certe·
579 2211 609 2263 et
630 2201 910 2282 Neapolitanus
934 2207 963 2260 ct
980 2196 1162 2258 llambnr·

92 2285 227 2361 gensis
256 2303 380 2365 prorsus
408 2296 474 2349 suut
505 2286 694 2362 absolvendi,
724 2287 986 2349 Meutcliauus
1015 2281 1162 2342 etLei-
1265 2317 1268 2324 -

93 2369 224 2432 densis
246 2371 285 2435 ll.
312 2391 383 2435 raro
407 2377 452 2434 rei
477 2373 603 2450 agendi,
626 2391 679 2435 nec
701 2391 772 2436 roro
796 2373 882 2433 etiarn
937 2378 982 2432 ter
1005 2385 1041 2428 ex
1062 2367 1159 2428 altero

93 2454 260 2537 descriptus
281 2460 397 2540 priores
421 2476 539 2520 errores
561 2459 645 2520 noris
668 2459 762 2533 auxit,
785 2459 840 2520 boc
862 2457 893 2518 ei
913 2456 997 2527 citur,
1020 2461 1060 2526 nt,
1082 2467 1162 2512 com·

92 2541 229 2622 pluribus
258 2542 391 2606 librariis
419 2545 509 2606 aliter
538 2553 626 2624 atque
656 2545 745 2606 aliter
774 2544 805 2605 in
833 2538 1029 2604 describenda
1057 2537 1161 2598 cedem

92 2645 167 2691 uoce
195 2628 379 2706 errantibus,
404 2631 471 2713 ipso
500 2629 616 2692 diuerso
638 2629 781 2711 peccandi
810 2628 898 2690 modo
919 2627 1038 2688 docilius
1061 2640 1161 2686 rerum

95 2713 259 2790 divinetur,
294 2725 383 2798 atque
412 2717 488 2778 adeo
517 2715 662 2778 interdum
690 2715 783 2780 ueluti
813 2714 978 2777 rationibus
1007 2707 1160 2771 subductis

93 2802 268 2882 impetretur
304 2805 485 2865 necessario.
540 2802 605 2878 Qum
633 2802 669 2865 iit
692 2810 725 2863 ut
755 2811 815 2865 tres
844 2809 1019 2882 quattuorve
1042 2793 1161 2856 codices
1216 2807 1219 2812 '

94 2887 297 2968 discrepantes
329 2891 414 2951 nobis
449 2891 507 2951 sint
535 2907 590 2970 pro
621 2886 743 2951 totidem
772 2888 900 2948 aliorum
929 2881 1161 2963 conspirantium

93 2974 228 3036 familiis.
270 2975 366 3054 Atque
384 2975 420 3036 de
436 2975 680 3054 Groningano
705 2973 821 3054 quidem
833 2974 1038 3035 Laobmaunus
1057 2966 1162 3028 rectis-

93 3061 168 3122 sime
189 3058 306 3124 uidetur
326 3060 492 3136 iudicasse,
516 3062 566 3142 qui
589 3063 648 3122 iam
669 3063 700 3122 in
721 3061 852 3122 editione
873 3059 956 3137 Lips.
979 3073 1009 3137 p.
1030 3053 1083 3115 IX.
1106 3051 1160 3112 bo-

93 3148 188 3209 nitate
209 3163 283 3208 eum
316 3149 512 3228 principatum
543 3149 621 3209 iuter
650 3146 744 3208 libros
774 3145 986 3226 Propertiauos
1024 3139 1159 3201 obtinere
1220 3222 1222 3228 ‚

95 3240 206 3297 censet.
257 3233 348 3308 Quem
379 3251 443 3294 cnm
475 3234 702 3312 diligentissima
732 3233 777 3294 lo.
806 3229 970 3294 Schraderi
1005 3243 1092 3288 manu
1124 3222 1163 3284 cd

96 3316 251 3398 exemplar
272 3318 402 3380 Plautini
426 3338 578 3380 excurssum
599 3320 630 3381 in
652 3319 781 3382 editione
803 3313 993 3380 Boroliueusi
1021 3309 1163 3384 exhibuit,

93 3407 163 3469 binc
186 3404 356 3466 describere
381 3408 454 3467 satis
478 3405 622 3468 dussimus.
666 3405 760 3467 Huius
788 3415 884 3468 autem
913 3399 1024 3463 codicis
1046 3396 1164 3459 Brouk·

94 3493 182 3554 bosio
205 3490 303 3550 iudice
324 3508 384 3552 non
403 3491 490 3554 ualde
511 3491 625 3572 antiqui
646 3491 701 3570 (cf.
723 3489 823 3552 Praei.
845 3489 892 3551 ed.
913 3483 1013 3549 Iacob.
1035 3500 1065 3564 p.
1079 3479 1160 3560 XV.)

94 3577 239 3641 librarius
261 3577 433 3654 ignorantia
453 3581 559 3649 ceteris
580 3581 622 3640 ito
640 3577 768 3652 excellit,
787 3585 818 3638 ut
839 3577 870 3637 in
887 3573 1053 3636 nominibus
1073 3583 1163 3648 prae·

96 3664 198 3726 sertim
224 3664 354 3743 propriis
380 3662 512 3725 locorum
542 3673 571 3726 et
600 3664 746 3738 bominum
774 3663 911 3728 immania
931 3676 1000 3724 rere
1017 3661 1164 3740 portenta

95 3747 278 3831 procuderit.
328 3748 409 3810 Raro
440 3749 533 3810 solum
561 3767 620 3810 non
647 3751 812 3812 litterarum
835 3749 922 3809 ductu
951 3743 1003 3806 sed
1026 3757 1164 3804 uersuum

96 3850 218 3897 numero
241 3835 361 3896 auribus
385 3846 507 3916 excepto
528 3834 647 3913 longius
668 3835 832 3906 aberrauit,
853 3833 933 3896 uelut
954 3830 985 3904 1,
1008 3831 1037 3902 3,
1059 3831 1089 3891 9.
1109 3827 1163 3888 44.

98 3925 136 3996 e,
158 3925 209 3983 ro.
234 3924 291 3993 ιι,
316 3924 365 3982 rs.
390 3925 439 3995 ιι,
461 3925 511 3984 ao.
533 3920 578 3994 11,
602 3923 635 3994 s,
657 3923 708 3982 so.
733 3925 761 3994 1,
781 3923 832 3980 or.
855 3923 886 3993 o,
908 3919 959 3978 aa.
981 3913 1040 3991 111,
1063 3918 1092 3986 s,
1112 3914 1164 3973 17.
1259 3960 1262 3964 .

100 4011 156 4080 13,
179 4009 230 4068 sl.
274 4005 333 4069 Ubi
361 4015 457 4068 tamen
480 4006 603 4086 proprio
626 4007 726 4068 Marte
747 4022 835 4066 uuum
862 4002 1022 4065 alterumue
1045 3996 1167 4061 uerbum

99 4093 254 4173 immutare
284 4109 372 4153 ausus
403 4101 464 4166 est,
494 4093 539 4152 ibi
568 4091 754 4165 coniectura,
782 4098 891 4169 quanto
914 4085 1064 4148 indoctior
1085 4089 1166 4144 tante

99 4177 294 4254 innocentior,
314 4176 457 4239 facillime
478 4175 719 4259 deprehenditur,
738 4176 818 4237 velut
839 4176 870 4248 l,
890 4179 920 4250 9,
935 4177 985 4236 29.
1008 4170 1046 4242 ll,
1069 4169 1119 4240 28,
1135 4169 1166 4228 4.

100 4263 203 4343 ltaque
229 4263 283 4322 sub
312 4262 404 4324 crudo
428 4261 644 4344 quodammode
667 4261 837 4323 mendorum
865 4261 974 4323 cortice
996 4252 1061 4318 reri
1089 4251 1167 4348 scin·

101 4348 196 4411 tillem
219 4348 317 4426 solus,
339 4350 470 4430 quamuis
493 4349 628 4430 nescius,
654 4348 800 4424 serravit,
822 4365 881 4429 qua
902 4345 1054 4410 doctorum
1073 4337 1168 4402 bonn-
