2806 4974
334 445 340 462 Ι
423 382 512 452 eaput
528 381 576 439 vt.
608 379 651 436 De
668 379 826 436 elocutione.
1085 362 1161 444 159

94 555 241 641 positione
261 556 407 621 orationis
428 557 576 621 artissime
596 557 751 621 coniuncta
772 574 832 620 non
852 555 883 618 in
905 553 1031 636 singulis
1050 553 1160 632 uerbis,

96 645 146 707 sed
168 647 198 708 in
228 645 299 708 totis
327 645 480 708 sententiis
502 653 647 708 uersatur.
689 645 764 706 Nam
793 642 873 725 quoi
897 652 983 706 acute
1005 642 1160 705 Dissenius

95 732 245 812 perspexit
272 731 388 813 (Praei.
412 730 524 792 Tibull.
553 748 582 810 p.
606 728 747 810 cxlx),
779 727 964 792 diuidere
996 729 1026 790 iu
1056 735 1159 808 partes

96 820 254 882 sententias
290 816 467 892 Tibulli,
505 814 763 897 amplificare
798 817 977 898 repetitione
1006 811 1159 896 Propertii

97 920 176 979 esse;
203 907 261 967 lroc
287 912 367 964 certa
390 902 434 964 sio
455 903 580 977 valebit,
608 903 633 962 si
656 919 729 981 quas
752 905 894 982 repetitas
919 901 974 963 ille
996 900 1160 962 sententias

94 989 147 1062 ait,
167 991 269 1054 uarias
289 989 392 1051 euclem
410 988 694 1068 cogitationeortns
715 988 858 1068 imagines
882 1004 947 1050 esse
969 987 1159 1067 accipiamus.

93 1075 163 1138 llam
190 1077 237 1138 bis
264 1075 368 1138 eadam
391 1073 493 1137 dicere
518 1074 684 1139 infantis
712 1081 773 1149 est,
799 1092 859 1137 non
886 1083 1026 1154 poetae
1052 1071 1160 1134 nedum

93 1159 251 1242 Propertii.
293 1160 403 1226 Verum
430 1178 495 1222 curu
520 1160 628 1233 uerba,
660 1176 738 1240 quae
765 1176 861 1221 sermo
890 1159 1024 1239 loquenti
1050 1174 1160 1238 suppe-

96 1245 197 1322 cliton,v
216 1264 288 1310 raro
321 1248 394 1310 satis
426 1264 491 1309 esse
521 1247 678 1309 videantur
710 1244 749 1306 ad
781 1244 956 1326 explendam
986 1245 1161 1308 senteutiam

92 1331 219 1413 aliquam
240 1333 328 1396 talem
351 1351 484 1414 prorsus,
508 1333 624 1415 qualem
643 1331 740 1394 animo
758 1331 1039 1412 praeformavimns:
1061 1337 1162 1411 poeta,

93 1421 141 1498 qui
161 1438 223 1481 non
250 1419 384 1482 iudicare
406 1419 555 1498 cogitata,
584 1417 637 1480 sed
663 1419 782 1495 integra
811 1427 840 1480 et
868 1417 1002 1481 omnibus
1031 1415 1161 1478 numeria

94 1505 230 1567 absoluta
250 1506 351 1568 sensui
379 1505 527 1567 subiicere
550 1505 656 1584 gestit,
683 1503 752 1564 hinc
772 1502 856 1565 illinc
880 1502 1043 1565 orationem
1064 1509 1163 1565 uertat

93 1607 213 1654 necesse
238 1599 291 1654 est.
334 1590 439 1672 ltaque
466 1590 553 1652 modo
581 1589 712 1652 eiusdem
740 1591 859 1668 generis
890 1590 1005 1670 species
1027 1587 1161 1651 diuersas

93 1677 225 1756 quidem,
255 1677 366 1738 similes
394 1685 490 1739 tamen
515 1676 673 1754 coniarnget
696 1675 773 1753 (1.),
800 1674 888 1738 modo
911 1673 1047 1754 generali
1069 1690 1161 1736 enun-

92 1763 161 1825 tiato
187 1763 317 1844 speciem
339 1764 491 1825 sarbnectet
513 1763 589 1841 (2.),
616 1760 719 1836 modo,
748 1760 827 1841 quod
853 1759 1058 1834 affirmaverit,
1085 1774 1161 1820 non

92 1847 153 1910 ieri
179 1865 271 1930 posse
291 1849 454 1926 negabit
475 1850 552 1927 (3.)‚
579 1865 638 1929 quo
665 1846 774 1910 lortius
801 1847 981 1930 affirmetur,
1009 1843 1096 1908 modo
1118 1843 1189 1932 ⁵1·ae

15 1947 16 1950 ’
92 1935 156 1996 mile
180 1935 306 1997 mutabit
326 1935 403 2012 (4.),
425 1933 512 1996 modo
539 1935 663 2015 proprio
685 1933 875 2008 translatum,
901 1941 1002 1996 rectae
1031 1929 1163 2002 orationi

91 2018 247 2100 figuratam
268 2019 358 2082 addet
380 2029 409 2084 et
430 2030 533 2083 contra
549 2020 620 2098 (5.).
662 2020 726 2083 Nec
747 2027 844 2082 tamen
866 2021 940 2081 lraec
958 2017 1064 2092 omnio,
1085 2032 1162 2096 quo·

92 2123 152 2167 rum
182 2107 292 2190 plenae
323 2114 390 2169 suut
416 2107 567 2188 Propertii
599 2107 748 2189 paginae,
779 2107 944 2186 quicunqne
972 2103 1162 2185 pleonasmos

14 2207 15 2210 ¹
92 2193 187 2256 credit
215 2202 246 2257 et
275 2210 460 2272 superuacua
486 2193 592 2266 uerba,
624 2191 760 2270 effugiet,
787 2192 857 2271 quin
880 2201 910 2254 et
935 2189 1111 2254 euidentiam
1132 2196 1163 2252 et

92 2279 223 2359 copiam,
255 2277 287 2341 inl
317 2287 363 2341 est
394 2281 484 2342 totius
511 2278 624 2357 lyricae
645 2286 734 2358 atquc
762 2271 918 2358 ele'giaoae
944 2278 1045 2358 poesis
1069 2273 1163 2338 robur

91 2365 251 2426 tristissimi
283 2365 428 2428 sermonis
457 2365 576 2445 frigore
606 2363 758 2446 expellere
791 2363 986 2446 prudentibus
1014 2360 1162 2428 sileatur.
1219 2389 1222 2405 ·

14 2507 15 2552 3
91 2447 194 2533 ltaque
215 2449 307 2515 talia:

198 2590 226 2638 1.
259 2583 317 2636 Nec
333 2585 363 2637 si·
376 2585 529 2650 Pepoeeo
546 2586 656 2636 necteris
673 2585 701 2637 io
718 2599 781 2636 cere
799 2585 911 2651 dorso,

292 2653 349 2704 Nec
365 2652 413 2704 atti
430 2654 454 2704 si
471 2653 593 2705 Persei
611 2655 720 2704 mouerit
738 2653 904 2720 alopecias,

14 2775 15 2784 p
265 2720 312 2772 Vel
327 2723 352 2774 si
369 2728 395 2774 te
411 2726 496 2773 sectae
511 2723 622 2789 ropioot
640 2719 822 2774 tolorilos
842 2735 926 2772 coroa
944 2747 979 2760 -

90 2790 151 2855 vel·
196 2868 224 2929 2¹.
257 2874 362 2928 Hand
381 2874 478 2927 ollas
495 2871 616 2941 portabis
633 2889 713 2942 opes
730 2827 884 2929 Aciterootis
903 2873 939 2925 ori
956 2874 1052 2943 mone,

297 2944 329 2996 N
333 2944 418 2996 odos
435 2950 465 2995 ct
481 2945 595 3011 insertio,
611 2945 701 3013 stulte,
717 2943 807 2996 celere
822 2951 883 2996 rote
899 2969 935 2982 -

196 3101 226 3151 3.
259 3099 334 3150 Haec
351 3097 399 3150 titt
417 3097 581 3148 cootcleraort
602 3097 775 3152 coelestio
792 3112 901 3152 monera
921 3095 1011 3150 dicit

297 3170 370 3219 llaec
387 3164 435 3218 tili
450 3181 490 3217 oe
507 3171 645 3217 matrem
662 3168 732 3232 forte
751 3165 852 3218 arctare
868 3174 962 3234 putee:

260 3233 293 3286 N
299 3253 352 3302 ops,
372 3248 435 3286 ooo
451 3234 587 3286 lemorel
604 3242 776 3302 portassent
793 3237 863 3286 totio
880 3237 959 3302 dono,

296 3307 355 3356 isto
371 3303 478 3356 decem
494 3318 618 3356 menses
634 3320 701 3356 ooo
718 3319 843 3372 peperere
860 3304 929 3357 icoo
946 3331 981 3344 -

13 3381 15 3402 ³
91 3372 153 3440 tel:

197 3459 226 3513 l.
260 3457 310 3512 Nil
327 3457 375 3509 tior
392 3458 428 3509 eit
446 3473 529 3510 raeco
548 3459 739 3524 praeconio
756 3459 867 3511 classico
883 3474 966 3510 corno

296 3529 415 3593 Flore,
432 3542 512 3594 oeque
528 3527 639 3578 Aooiom
656 3528 789 3594 ciopere
805 3529 895 3580 Morte
911 3543 1027 3582 nemos
1044 3555 1079 3570 -··

13 3689 14 3704 ¹
90 3595 154 3661 vel·
196 3680 225 3734 t.
258 3679 330 3732 Nom
347 3677 986 3746 quisdiaite'isaduersoqncdetomorei

294 3749 380 3801 Nullo
397 3748 458 3801 milti
477 3749 583 3801 tristi
601 3750 822 3816 praemiserint
841 3751 967 3804 Venere
984 3779 1019 3792 -

94 3913 173 3978 quae
193 3893 252 3959 duo
273 3896 433 3959 nouissima
461 3914 575 3976 genera
601 3904 668 3959 sum
688 3896 929 3978 frequentissima
949 3933 993 3943 -
1014 3899 1088 3963 talia
1108 3920 1162 3963 au-

95 3992 152 4045 tem
174 3998 233 4044 uon
253 3981 340 4045 modo
361 3984 499 4058 ferimus,
522 3982 575 4045 sed
595 3983 754 4064 probamus
777 3984 864 4046 etiam
885 3995 974 4065 atque
997 3986 1162 4052 lucidamus.

94 4068 198 4150 Neque
212 4067 290 4131 adeo
304 4078 428 4150 propter
449 4068 571 4131 eandem
588 4085 706 4130 causam
723 4070 857 4149 protinus
875 4072 987 4135 inutilis
1010 4073 1163 4136 abundau-

13 4161 14 4180 ²
94 4154 155 4218 tiae
177 4155 345 4238 arguimus,
364 4156 391 4218 si
412 4155 529 4235 quondo
551 4154 627 4217 talia
646 4156 848 4218 inueniuntur:

263 4289 397 4357 Spcrpere
414 4295 439 4341 et
457 4290 563 4342 alteros
580 4304 725 4342 commeares
743 4289 845 4342 coede
861 4297 1015 4357 perantes,

295 4359 332 4410 Et
346 4359 418 4426 {ecre
435 4359 471 4410 cd
486 4363 593 4427 potatos
608 4360 766 4427 proemio
783 4358 865 4412 diro
885 4361 978 4412 lares
996 4385 1031 4398 -
