2762 4972
402 417 491 488 Caput
509 418 558 474 vl.
595 417 638 472 Do
654 373 813 476 elocutione.
1068 403 1146 493 147„

6 603 8 612 ‘
79 591 182 654 donem
209 592 360 673 verbaque
385 590 480 672 magis
509 590 725 672 significantia,
753 609 791 655 eo
814 599 845 654 et
873 592 1025 675 acceptior
1054 595 1142 662 cultis
1180 642 1182 647 -

78 678 237 739 luminibus
267 689 296 741 et
324 678 461 756 elegiaco
489 678 643 759 lyriccque
670 679 775 756 generi
801 679 903 758 ntique
930 681 1044 762 aptior,
1071 700 1142 744 con·

9 789 12 798 ·
79 773 121 826 tra
147 781 290 844 prorsus,
316 782 401 845 quam
430 766 460 826 in
492 765 594 844 epicis.
644 766 725 827 llaec
754 766 781 826 ri
808 765 1012 842 continuatur,
1039 767 1142 831 alle-

78 851 188 927 goria
216 849 257 913 fit.
311 851 363 912 Sin
394 851 491 911 omnia
519 851 656 912 simulato
685 859 767 925 sunt,
801 853 857 913 uec
885 870 1013 932 unquam
1041 860 1143 918 verum

79 935 222 1017 perlucet,
250 938 433 1016 aenigma.
478 935 523 997 De
552 936 701 1014 allegoria
727 945 823 998 autem
852 956 943 1016 supra
970 938 1041 1001 satis
1066 940 1143 1002 dixi·

79 1040 145 1083 ntus.
188 1023 350 1101 Aenigma,
378 1023 435 1083 uisi
458 1023 546 1083 animi
569 1039 660 1082 causa
682 1031 711 1088 tt
733 1024 763 1082 iu
785 1021 945 1085 ludibrium
968 1027 1007 1088 sit
1030 1027 1143 1108 expeti-

78 1114 146 1180 tum,
176 1125 294 1190 semper
321 1108 421 1169 vitium
450 1109 515 1171 erit.
558 1109 662 1188 Neque
684 1107 778 1186 igitur
796 1108 976 1189 Propertius.
992 1111 1067 1173 illud
1088 1132 1143 1173 un·

78 1211 156 1272 quam
179 1193 313 1269 admisit,
341 1193 472 1274 00010010
496 1193 668 1276 quibusdam
691 1192 951 1257 contra-videatur
971 1196 1090 1274 11111,
1110 1202 1142 1263 6.

79 1277 190 1340 exord:
229 1280 353 1342 Sacra
388 1279 489 1341 tacit
523 1288 634 1343 vates
670 1288 755 1341 cett.¹
789 1280 827 1341 At
858 1296 912 1341 nec
943 1298 1044 1343 verum
1075 1301 1144 1345 sa-

79 1363 280 1440 cerdotem,
310 1365 362 1428 scd
392 1375 556 1445 poetam,
587 1382 684 1446 neque
712 1365 815 1440 alium,
844 1365 895 1446 qui
923 1383 985 1428 rem
1015 1368 1144 1432 divinam

79 1449 189 1526 iaciat,
214 1451 267 1512 sed
300 1469 333 1512 se
363 1451 459 1531 ipsum
488 1452 617 1531 intelligi
646 1450 723 1512 velle
756 1452 828 1512 satis
858 1449 986 1528 indicat,
1015 1455 1144 1535 itemque

79 1535 156 1598 alibi.
202 1535 236 1598 ln
257 1537 304 1598 his
327 1548 424 1600 autem
444 1537 601 1618 plurimum
624 1535 732 1598 audeat
751 1546 850 1616 poeta,
873 1554 930 1598 uun
952 1537 1039 1600 modu
1061 1540 1143 1617 licet,

6 1657 7 1660 =
78 1621 125 1682 sed
147 1631 268 1703 oportet
290 1624 387 1685 etiarn.
432 1624 507 1686 Nam
530 1641 593 1685 cum
614 1623 663 1685 vel
685 1639 780 1684 sermo
806 1623 994 1703 quotidianus
1016 1627 1047 1687 in
1075 1627 1142 1707 ple-

78 1709 173 1788 risque
195 1709 368 1783 vocabulis,
394 1709 433 1770 iis
461 1710 652 1789 praesertim,
678 1727 753 1788 quae
776 1727 795 1770 a
817 1727 952 1770 sensuum
975 1710 1144 1789 significatu

6 1797 8 1854 i
78 1793 111 1854 ad
129 1803 254 1856 mentem
275 1802 304 1855 et
324 1795 532 1872 cogitationem
553 1804 620 1857 sunt
639 1795 793 1870 translatu,
812 1796 869 1857 bac
887 1813 956 1856 usus
978 1797 1017 1859 sit
1036 1797 1144 1874 figura,
1213 1862 1218 1871 ,

6 1897 8 1960 1
77 1881 176 1958 partim
202 1897 303 1942 eurum
325 1881 368 1943 ita
391 1882 497 1942 sensim
520 1889 586 1942 sunt
609 1879 771 1957 declinata,
798 1889 831 1942 nt
853 1883 978 1962 propria
999 1885 1144 1945 sententia

6 1963 8 2030 ἶ
76 1981 192 2044 prorsus
216 1964 409 2042 emolesceret,
430 1967 538 2047 partim
555 1983 647 2047 usquc
668 1965 746 2028 adeo
764 1985 819 2028 usu
840 1969 960 2030 tritaet
982 1977 1144 2046 attenuata,

6 2087 7 2098 ³
77 2059 106 2112 ut
132 2053 357 2114 translationem
386 2069 445 2113 non
474 2053 598 2134 amplius
627 2053 755 2127 sentias,
783 2051 864 2114 velut
890 2053 921 2115 in
947 2053 1016 2115 illc:
1047 2054 1143 2118 dura

6 2143 8 2180 ὲ
77 2136 179 2216 puella.
226 2137 331 2217 ltaque
351 2147 458 2218 poeta,
480 2141 562 2200 cuins
585 2139 749 2203 omnisars
770 2139 801 2199 in
822 2137 985 2200 visionibus
1006 2150 1144 2204 versatur

6 2223 8 2292 g
77 2232 158 2302 atque
179 2224 213 2285 in
234 2223 305 2297 illa,
328 2241 414 2303 quam
438 2225 514 2298 scis,
543 2225 608 2286 s'nb
633 2225 765 2286 oculus
792 2223 1060 2303 subiectione,
1085 2243 1142 2306 pro

6 2321 8 2368 a
77 2309 244 2388 vulgaribus
266 2308 327 2370 illis
345 2310 443 2372 verbis
463 2328 538 2374 noua
563 2317 686 2391 quaeret
708 2319 736 2372 et
757 2327 828 2372 vere
851 2310 1066 2388 significantia,
1088 2329 1142 2374 nec

6 2439 8 2468 ,
77 2395 163 2455 solnm
195 2395 339 2458 duram
359 2395 610 2476 puellamdicet,
641 2393 695 2457 sed
721 2396 899 2458 terream.
950 2398 1026 2460 llinc
1054 2399 1143 2460 etiam

6 2473 8 2512 i
77 2478 181 2542 frustra
208 2481 299 2558 vulgo
330 2483 466 2561 praecipi
498 2489 637 2561 apparet,
665 2498 717 2556 ue,
744 2499 763 2542 a
787 2499 846 2560 qua
871 2497 956 2542 orsus
985 2483 1144 2562 01001010-

76 2567 181 2645 plora,
217 2567 295 2629 banc
322 2567 353 2629 in
379 2567 437 2628 fine
465 2565 597 2628 deseras.
647 2566 821 2647 Propertius
851 2577 931 2629 certe
959 2577 1144 2649 quantopere

76 2654 189 2714 variare
210 2653 420 2714 translationes
444 2661 534 2726 amet,
555 2651 602 2714 El.
623 2650 681 2726 lll,
706 2655 734 2715 l.
755 2652 891 2732 exemplo
913 2662 1055 2733 apparet,
1084 2672 1144 2734 qua

7 2797 8 2808 ,
76 2753 134 2798 oum
153 2748 220 2802 tcta
241 2757 337 2819 paene
359 2741 390 2800 iu
409 2738 465 2800 illa
486 2738 582 2818 ligura
602 2747 746 2810 versetur,
768 2748 922 2800 tamenne
944 2755 1002 2800 unc
1023 2738 1143 2819 quidem

7 2813 8 2888 1
75 2840 156 2886 versu
177 2833 270 2906 poeta
295 2825 351 2885 sibi
374 2833 499 2887 constat.
544 2823 656 2900 Quibus
681 2823 719 2884 cf.
742 2823 789 2886 El.
810 2822 855 2899 ll,
880 2827 936 2897 10,
961 2829 989 2886 l.
1018 2825 1141 2886 00112.

7 2903 9 2912 “
77 2915 122 2971 23.
136 2914 188 2972 24.
204 2912 254 2973 25.
269 2915 317 2974 26.
339 2910 389 2986 IV,
404 2913 434 2985 6,
450 2917 479 2971 2.
500 2907 570 2971 0011.
586 2913 615 2972 3.
628 2913 657 2970 7.
671 2913 719 2971 10.
742 2908 779 2984 11,
796 2913 845 2983 16,
861 2913 890 2972 7.
905 2913 936 2972 9.
958 2913 1009 2984 34,
1024 2912 1077 2972 41.
1088 2913 1141 2972 42.

76 2994 139 3058 0011.
160 3001 215 3058 43.
237 3000 289 3058 44.
310 2996 368 3071 lll,
391 3000 420 3070 3,
441 2988 562 3059 15.ιο
584 2997 634 3058 18.
652 2999 703 3057 21.
719 3000 769 3056 22.
787 2999 842 3058 26.
855 2998 906 3057 39.
925 2996 976 3058 bl.
1003 2998 1039 3070 7,
1062 2999 1092 3058 3.
1109 2999 1141 3058 4.
1241 3071 1244 3078 ¹

68 3079 129 3141 bed
150 3082 210 3144 loc
230 3099 347 3162 quoque
371 3081 515 3143 interdum
537 3080 700 3143 intellectui
722 3081 830 3154 obfuit,
856 3080 934 3159 quud
956 3099 1025 3143 vera
1043 3099 1142 3143 rerum

75 3169 145 3229 ratic
167 3170 297 3231 rescisso
319 3166 534 3249 quodammodo
560 3166 760 3230 similitudinis
781 3167 849 3230 velo
877 3167 965 3229 etiam
980 3167 1049 3228 ’11110
1072 3186 1143 3248 per·

7 3279 8 3312 v
76 3251 164 3328 lucet,
193 3254 245 3315 nbi
274 3255 389 3315 minime
421 3263 570 3334 expectes.
618 3253 783 3315 Nemeum
810 3254 921 3332 primus
949 3253 1142 3332 metaphorae

7 3413 8 3424 χ
78 3339 112 3400 sit
132 3340 244 3418 gradus
266 3339 486 3421 appositio,
514 3339 644 3402 velutin
666 3339 738 3400 boc:
769 3338 890 3412 oculi,
914 3339 1065 3417 geminae,
1087 3341 1142 3401 si-

77 3422 163 3487 dera
186 3435 306 3500 nostra,
328 3427 455 3500 taces,
485 3427 547 3487 sive
570 3425 774 3506 proprium
802 3424 834 3484 iu
862 3424 1058 3503 subiecto,
1086 3425 1142 3487 ti-

7 3545 8 3552 .
76 3520 165 3574 ctum
189 3513 222 3574 in
243 3510 484 3593 praedicatu
506 3518 567 3586 est,
588 3519 635 3573 ut:

6 3651 8 3712 ζ
112 3685 117 3699 ι
206 3657 254 3708 To
274 3654 559 3720 mibtoolodomos,
583 3659 636 3720 10,
656 3651 1028 3721 cpocbtc,ootapouateo,

6 3729 8 3740 ”
75 3721 134 3787 vel:

204 3809 373 3861 11000011
391 3809 496 3860 deuictis
513 3812 602 3874 potior
618 3807 768 3859 uictoria
785 3804 909 3856 Partitis:
997 3859 998 3868 q

240 3881 314 3930 Haec
330 3879 461 3946 spolio,
481 3877 544 3928 luceo
560 3891 672 3945 repes,
689 3875 752 3926 baec
768 3875 830 3926 mibi
847 3888 970 3925 corros
988 3877 1113 3925 00001-

77 4015 225 4096 1011011,
249 4024 299 4095 17,
323 4027 351 4084 2.
375 4021 432 4098 lll,
454 4023 482 4096 l,
505 4025 535 4084 3.
558 4019 602 4095 ll,
623 4024 680 4096 22,
701 4019 782 4100 34.);
807 4016 957 4079 eilicacius
978 4031 1051 4079 vero
1071 4013 1138 4088 boc,

6 4101 7 4116 .
78 4120 136 4166 curn
150 4109 302 4188 proprium
322 4109 450 4186 genitivo
471 4125 542 4168 casu
562 4125 577 4168 e
597 4106 740 4169 translatu
760 4103 882 4187 pendet:
904 4101 995 4194 „Nun
1014 4109 1058 4163 est
1078 4102 1138 4161 in·

78 4194 178 4266 genii
207 4194 337 4274 cymba
366 4193 521 4272 gravanda
543 4195 609 4255 tui“
631 4227 675 4236 -—
695 4192 743 4255 vel
768 4192 861 4270 magis
884 4191 970 4251 etiam
993 4205 1064 4249 vera
1087 4185 1139 4246 de-

77 4273 222 4341 litescente
244 4282 405 4342 sententia:
433 4279 593 4357 „Gaudeat
615 4279 645 4342 in
665 4295 774 4360 puero,
797 4280 822 4340 si
843 4275 908 4356 quis
931 4273 1040 4335 amicus
1063 4272 1145 4370 erit}

78 4357 415 4446 tranquillatum
443 4365 597 4430 descendis
624 4365 785 4430 flumine
810 4360 954 4444 cymba:
982 4355 1061 4436 Quid
1082 4357 1138 4419 tubi

866 4463 933 4528 lo*
