2762 4972
188 319 276 392 Caput
296 319 328 378 V.
364 321 409 375 D'e
427 317 603 390 dispositione
621 319 767 374 carminum
786 319 1029 392 Propertienorom.
1092 315 1146 394 97

76 502 154 581 parte
180 491 360 577 argumentis
386 492 547 578 disponere
574 490 745 556 credamus:
772 491 901 556 inueniri
926 497 1011 577 prius
1038 505 1141 578 artem,

76 601 155 665 quam
178 582 281 645 doceri
308 590 419 647 tantum
442 583 543 658 abest,
570 588 603 643 ιιι
624 581 812 660 ignoremus,
839 589 873 643 ιιι
893 581 990 644 nimiis
1018 588 1141 650 ratioci-

76 670 161 732 nandi
188 670 315 748 argutiis
338 667 476 730 ardorem
497 667 675 732 inuentionis
697 666 876 746 refrigerari
903 675 933 730 et
954 668 1071 734 diuitem
1092 673 1139 735 iu·

76 758 150 836 genii
170 771 274 818 renam
296 755 443 834 subligari
470 754 679 818 existimemus.
723 751 784 815 Sed
814 751 891 814 illud
910 754 1013 835 utique
1034 767 1138 821 teuen-

75 841 144 918 dum,
162 842 292 920 ingeniis
315 843 414 903 omnia
433 840 513 902 bona
533 839 732 902 nescientibus
752 855 849 919 paene
871 847 902 901 et
921 844 1017 918 gratis
1036 861 1056 904 a
1077 843 1136 907 diis

74 927 226 1010 impertiri,
256 935 285 990 ct
311 926 368 989 boc
391 925 453 987 ibis
481 943 557 1007 pree
580 924 706 1004 reliquis
727 925 900 986 mortalibus
924 943 990 989 esse
1015 945 1139 992 conces·

75 1033 143 1089 sum,
172 1022 203 1076 ot
222 1030 261 1075 ne
280 1013 395 1094 possint
416 1011 533 1092 quiden
554 1009 714 1092 quidquam
733 1009 834 1072 moliri
848 1011 989 1092 ineptum.
1030 1013 1137 1097 ltaque

74 1101 189 1182 inipso
215 1100 320 1161 lurore
345 1106 464 1162 utentur
491 1107 571 1174 orte,
598 1095 726 1158 studium
754 1104 851 1158 antem
881 1107 910 1159 et
937 1098 1041 1175 labor,
1071 1103 1136 1166 sine

75 1204 126 1266 quo
157 1185 380 1266 perlectum
414 1200 488 1264 opus
522 1201 560 1246 ne
593 1181 730 1244 semideis
760 1180 878 1262 quidem
904 1182 966 1246 illis
1000 1184 1136 1264 donetur,

74 1273 136 1334 satis
158 1270 256 1334 adbuc
278 1273 309 1333 in
329 1287 387 1351 quo
410 1287 443 1331 se
464 1277 604 1333 exerceat
624 1267 760 1342 babebit,
782 1268 808 1330 si
830 1264 970 1331 dedolato
994 1271 1136 1352 quodom-

73 1357 149 1420 nodo
172 1375 268 1439 opere
289 1359 378 1419 limae
400 1369 458 1418 non
479 1363 585 1440 parcat
607 1363 637 1418 et
665 1355 784 1417 inverso
812 1353 881 1416 stilo
907 1354 1019 1419 tumida
1044 1360 1135 1422 castl-

74 1453 132 1524 ιιι,
154 1445 275 1524 expleat
293 1443 404 1506 hiulca.

163 1531 231 1593 lam
250 1545 340 1605 uero,
365 1536 398 1592 ut
421 1525 560 1608 deinceps
585 1543 725 1606 agamus,
753 1539 818 1588 cum
838 1542 896 1588 nou
918 1527 1031 1603 omnio,
1058 1545 1136 1610 puae

72 1633 198 1696 pugnare
218 1615 372 1692 ridentur,
395 1614 426 1676 in
449 1613 626 1675 carminibus
651 1621 797 1692 tamquam
818 1612 916 1676 aliena
937 1615 1136 1694 segreganda,

71 1719 119 1764 nec
137 1721 243 1765 rursus
265 1701 375 1763 similia
397 1700 495 1762 onnia
515 1701 581 1761 binc
603 1698 685 1760 ilbnc
706 1699 786 1761 lectu
806 1697 886 1763 uelut
905 1700 1025 1763 turbate
1044 1703 1132 1764 unius

75 1788 180 1867 elegiae
210 1789 342 1858 membra
364 1785 578 1849 consencienda
598 1801 664 1847 esse
685 1792 818 1865 apertum
840 1783 1010 1847 credamus:
1038 1786 1134 1849 Sca·

72 1873 187 1953 ligeri
216 1875 298 1937 ausis
326 1872 450 1954 singulis
471 1869 637 1934 refutandis
661 1887 697 1937 eo
719 1872 809 1933 tutius
830 1871 1026 1951 supersedere
1047 1873 1135 1935 uobis

72 1957 180 2036 licebit,
214 1958 295 2041 quod
321 1959 511 2021 mutationum
538 1974 656 2018 suarum
683 1973 788 2019 causas
814 1956 954 2038 proferre
980 1958 1046 2038 ipse
1074 1975 1135 2020 non
1231 1982 1238 2000 ·

73 2044 202 2125 diguatus
222 2055 278 2109 est.
318 2045 423 2125 ltaque
441 2043 478 2106 de
497 2043 560 2105 illis
579 2041 618 2104 ad
639 2060 690 2104 eas
709 2052 949 2120 argumentorum
969 2044 1136 2107 enarratio-

74 2149 135 2206 nes,
170 2150 247 2212 quos
277 2132 308 2192 in
337 2130 582 2212 interpretatione
614 2137 721 2209 poetae
750 2128 925 2191 Germanica
955 2130 1135 2194 carminibus

73 2218 287 2297 praemisimus,
306 2233 473 2298 prouocare
496 2216 568 2279 satis
591 2213 739 2289 duximus,
761 2215 810 2276 bic
832 2231 934 2277 eorum
956 2215 1050 2277 solum
1073 2214 1135 2278 dis·
1204 2215 1209 2224 '

72 2305 229 2383 positiones
257 2303 422 2382 accuratius
451 2301 648 2376 illustremus,
679 2301 709 2362 in
737 2297 842 2380 quibus
871 2301 919 2366 rel
947 2301 985 2362 ab
1012 2301 1134 2378 Iacobo,

74 2389 352 2472 circumspectissimi
381 2387 484 2450 iudicii
506 2388 588 2462 uiro,
623 2387 735 2448 iniuria
760 2385 874 2467 aliquid
899 2395 1036 2450 nouatum
1066 2401 1149 2451 csse*

74 2491 228 2540 censemus.
272 2475 339 2552 Qua
360 2473 559 2556 disputatione
579 2473 665 2534 simul
686 2472 869 2534 Lachmaoni
896 2473 1053 2552 sagacitati
1078 2475 1134 2536 ob·
1176 2480 1193 2504 ¹·
1314 2470 1324 2480 ⁵

71 2563 139 2623 riam
157 2564 268 2638 ibitur,
288 2570 320 2625 ut
342 2561 393 2642 qui
413 2562 444 2624 in
467 2559 598 2622 editione
619 2559 809 2621 Berelinensi
828 2558 956 2637 plurima
977 2559 1066 2621 amici
1084 2561 1132 2621 in·

71 2658 148 2711 rento
174 2650 283 2713 tacitus
310 2646 494 2728 probauerit.
536 2644 575 2707 Et
603 2642 640 2705 de
669 2642 776 2718 elegiis
803 2643 921 2724 quidem
949 2644 1010 2719 lll,
1037 2649 1066 2708 1.
1090 2649 1135 2722 2,

71 2750 220 2816 perperam
243 2749 288 2795 me
308 2732 407 2795 iudice
426 2733 464 2794 ab
483 2738 610 2810 utroque
629 2730 803 2804 coniunctis,
825 2731 898 2791 satis
915 2747 1006 2810 supra
1024 2730 1134 2793 dictum

73 2830 117 2882 est.
158 2820 274 2889 Similis
296 2836 387 2881 causa
408 2827 453 2881 est
472 2815 521 2880 El.
536 2816 596 2891 lll,
616 2818 667 2876 24.
689 2816 750 2889 ιιι,
773 2829 896 2896 quarum
917 2817 1031 2894 priore,
1051 2816 1133 2896 quod

71 2915 153 2986 poeta
178 2905 311 2970 fallaciis
335 2905 455 2987 puellae
480 2901 597 2965 tandem
621 2901 786 2981 perspectis
815 2918 853 2962 en
882 2901 970 2962 tentis
996 2901 1133 2964 insaniae

71 2993 205 3072 procellis
229 3000 363 3056 serratus
389 2991 443 3068 sit,
470 2989 533 3069 ipse
554 2987 612 3050 sibi
634 2987 818 3066 gratulatur,
841 2988 898 3049 bac
920 2986 1038 3067 quidem
1060 3005 1134 3068 per·

70 3079 176 3154 titione,
195 3089 229 3141 ut
247 3079 372 3158 primum
385 3077 539 3140 erroribus
562 3075 623 3136 sois
641 3073 776 3152 pristinis
792 3071 935 3155 expositis
949 3072 997 3150 (Α.
1013 3073 1133 3154 1-8.)

72 3167 224 3228 sulcorum
246 3163 379 3226 remedia
400 3164 545 3226 frustrate
566 3157 615 3238 (Β.
637 3157 777 3236 9-11.)
800 3159 953 3234 subiiciat,
981 3177 1058 3240 quae
1084 3177 1134 3224 re·

71 3253 183 3330 pentina
210 3243 404 3314 conversione
428 3266 525 3331 paene
548 3246 683 3309 exsultans
708 3243 1036 3324 unouersu((l.12.)
1061 3262 1136 3344 puo-

5 3349 6 3356 ’
73 3335 220 3400 dammodo
247 3336 402 3418 praecidit.
455 3332 572 3396 Deinde
601 3333 707 3394 iterum
735 3331 847 3394 erroris
877 3331 973 3392 causis
1004 3331 1137 3394 breuiter

71 3425 198 3503 repetitis
220 3415 437 3504 (n'.13.1o.),
457 3420 510 3482 sub
529 3419 615 3481 linem
634 3413 742 3480 diutius
761 3417 792 3478 in
812 3415 924 3502 gaudio
941 3425 1136 3498 recuperatae

72 3509 166 3572 salutis
187 3518 325 3572 uersatur
346 3499 405 3588 (G'.
428 3502 603 3583 15'-20.).
645 3505 711 3567 lloc
737 3503 885 3565 antemio
908 3510 1039 3565 extremo
1066 3519 1134 3566 ccr-

71 3587 148 3657 minis
168 3595 270 3658 limine
291 3597 336 3658 ita
358 3592 490 3668 extollit,
511 3599 544 3655 ut
564 3590 719 3653 victoriam
743 3599 808 3651 eam
827 3588 967 3651 rollone
988 3589 1079 3652 inrito
1097 3579 1134 3652 ‘se

75 3682 220 3744 rettulisse
246 3680 404 3762 glorietur.
448 3678 515 3756 Qua
536 3678 682 3739 sententia
704 3689 769 3737 cnm
796 3674 883 3735 simul
911 3674 947 3736 ad
979 3689 1031 3749 ea,
1058 3689 1136 3756 quae

73 3763 151 3829 initio
174 3776 387 3850 proposuerat,
414 3769 566 3839 recurrat,
592 3762 729 3825 carminis
752 3759 833 3822 orbis
857 3761 900 3823 ita
919 3760 1082 3838 clauditur,
1103 3767 1136 3824 ot

73 3853 176 3915 unllam
196 3856 228 3916 in
256 3853 312 3916 bne
336 3852 518 3915 additionem
541 3850 660 3913 toleret.
702 3841 865 3909 Praeterea
888 3854 948 3908 tam
973 3847 1060 3910 fortis
1089 3853 1135 3908 est

73 3935 121 3999 illa
141 3940 238 4002 ultimi
261 3957 366 4003 sersus
393 3937 554 4019 gloriatio,
569 3943 614 4006 ¹nt
640 3951 715 4016 prae
744 3951 782 3994 ea
807 3933 920 4007 omnio,
948 3949 1027 4012 qnae
1050 3932 1137 4012 sequi

72 4025 193 4102 possint,
220 4025 390 4088 necessario
418 4021 563 4103 languida
584 4023 643 4083 sint
668 4019 778 4081 fotura.
822 4018 900 4096 Quid
921 4019 1015 4098 igitur
1041 4017 1135 4079 minus

77 4118 185 4188 aptum,
216 4130 304 4192 quam
331 4112 400 4173 binc
434 4110 548 4172 demum
579 4106 763 4180 occasionis,
790 4113 849 4184 qua
878 4099 1003 4186 primulo
1036 4105 1136 4182 iugum

75 4193 253 4260 inhonestum
279 4189 442 4259 excusserit
470 4197 515 4275 (l.
536 4190 598 4268 2.),
624 4193 843 4254 enarrationem
870 4200 1005 4265 nectere,
1030 4186 1137 4250 deiude

77 4284 198 4359 quamuis
215 4292 406 4361 constantem,
424 4277 624 4345 miserabilem
641 4285 738 4343 tamen
752 4277 896 4356 Gpntblne
912 4275 1139 4340 obtestationem

913 4380 934 4441 7
