2822 4976
301 263 303 268 ⁵
399 318 615 410 munerun
633 316 698 386 nn.
720 318 753 400 1,
773 315 807 388 u.
831 315 883 386 m.

145 489 296 575 Necdum
314 491 415 560 etiam
435 489 562 586 palles,
582 505 666 557 veru
685 506 749 558 nec
770 488 923 578 tangeris
943 489 1029 580 igni:
1102 531 1105 537 n

189 597 287 665 Haec
307 603 363 664 est
382 597 516 663 venturi
537 594 642 682 prima
663 591 781 660 favilla
801 593 889 660 muli.

147 701 237 772 'l'um
253 702 365 790 magis
386 699 567 767 Armenias
589 698 706 784 cupies
728 696 893 766 accedere
912 699 1021 788 tigres

103 812 132 858 Ν
188 800 238 870 Et
258 804 369 892 magis
390 801 542 868 infernae
563 798 698 867 vincula
718 816 823 867 nosse
843 804 952 885 rotae,

146 903 256 988 Quam
276 905 373 993 pueri
395 903 517 972 totiens
540 919 653 970 arcum
674 903 802 970 sentire
823 901 976 973 medullis

186 1005 237 1074 Et
256 1005 337 1073 nihil
359 1006 468 1074 ustae
491 1020 596 1091 pesse
618 1021 748 1092 negare
768 1011 859 1072 tuae.

145 1108 267 1176 Nullus
289 1111 391 1176 Amor
412 1109 567 1194 cuiquam
587 1106 698 1174 facilis
719 1108 768 1174 ita
792 1106 948 1195 praebuit
967 1107 1054 1192 alas,
1090 1151 1091 1156 κ

192 1212 238 1280 Ut
257 1231 324 1279 nun
345 1211 476 1280 alterna
496 1213 661 1299 presserit
681 1211 738 1278 ille
759 1229 869 1280 manu.

102 1324 130 1371 ὅ
146 1315 278 1383 Necte
299 1312 463 1402 decipiat,
484 1312 570 1401 quud
592 1315 638 1381 sit
659 1315 746 1380 satis
763 1313 823 1382 illa
843 1318 979 1401 parata:

168 1489 171 1508 ,
190 1421 314 1488 Acrius
336 1419 394 1486 illa
416 1419 523 1503 subit,
543 1417 696 1501 Pontice,
716 1417 837 1507 siqua
856 1424 915 1486 tua
934 1421 1005 1504 est,

148 1519 298 1610 Quippe,
319 1521 375 1590 ubi
399 1541 466 1590 nun
483 1521 585 1591 liceat
606 1538 734 1590 vacuos
756 1520 923 1589 seducere
945 1519 1081 1608 ocellus,
1125 1591 1128 1600 ,

189 1625 265 1692 Nec
284 1625 428 1716 vigilare
447 1624 513 1693 eliu
535 1626 683 1712 numine,
704 1623 804 1692 cedat
820 1618 947 1693 Amori

146 1725 398 1811 aurorane
419 1734 530 1818 putet,
552 1728 658 1797 donee
679 1746 797 1802 manus
821 1728 935 1817 attigit
956 1743 1052 1796 ussa.

105 1841 133 1885 ³⁸
194 1829 354 1917 Quisquis
377 1849 434 1918 es,
456 1831 618 1900 assiduas
638 1830 682 1899 alr
704 1831 787 1922 fuge
807 1830 1001 1899 blanditias.

147 1930 221 1998 Illis
243 1938 277 1999 et
298 1933 411 2000 silices
432 1940 575 2022 possunt
597 1939 632 2000 et
653 1932 776 2004 cedere
796 1951 957 2021 quercus3
994 1981 996 1996 1

192 2034 323 2103 Nedum
344 2043 381 2104 tu
405 2038 535 2122 possis,
555 2038 694 2125 spiritus
714 2039 781 2105 iste
801 2037 901 2105 levis.

137 2140 279 2229 estuare,
300 2145 333 2211 si
353 2146 458 2232 pudor
480 2151 551 2230 est,
574 2163 672 2232 quam
692 2147 830 2234 primum
850 2150 963 2213 errata
983 2143 1130 2214 feriere:¹

191 2245 333 2333 Dicere,
355 2266 420 2336 quc
441 2266 583 2335 pereas,
605 2266 713 2337 saepe
733 2250 769 2318 in
788 2266 901 2317 amore
921 2249 1025 2317 levat.

628 2453 674 2529 Χ.

153 2571 204 2661 0
223 2592 368 2662 incunda
389 2576 627 2682 quies,'primo
649 2609 721 2662 cum
742 2597 843 2668 testis
864 2598 968 2669 umeri

195 2699 365 2768 Affueram
387 2701 515 2767 vestris
538 2700 693 2768 conscius
714 2701 749 2768 in
770 2699 930 2768 lacrimis!

153 2799 333 2871 Onoctem
353 2801 547 2869 meminisse
568 2799 648 2868 milri
668 2799 813 2869 iucunda
833 2802 1001 2889 uoluptas,

194 2902 225 2974 0
246 2905 399 2992 quotiens
415 2907 506 2973 votis
525 2905 584 2972 illu
602 2902 758 2972 vocanda
774 2907 873 2991 meis,

123 3004 239 3076 icum
258 3014 293 3074 te
313 3001 487 3095 complexa
503 3008 713 3093 morientem,
733 3003 847 3094 Galle,
868 3004 980 3094 puella

198 3108 367 3194 Vidimus,
387 3115 421 3178 et
441 3109 544 3201 lunga
565 3109 689 3178 ducere
705 3111 937 3178 verbumoru!

155 3211 317 3299 Quamvis
338 3213 490 3282 labentes
510 3220 678 3302 premeret
698 3213 778 3282 milri
798 3231 937 3283 somnus
957 3209 1082 3280 ocellus

197 3313 248 3386 m
266 3315 386 3386 mediis
407 3317 503 3416 caelu
521 3320 619 3386 Luna
639 3318 774 3388 ruberet
796 3318 905 3405 equis,

183 3531 228 3585 11.
251 3525 316 3596 igne
334 3533 369 3585 G.
453 3537 496 3587 19.
524 3531 619 3603 cupias
638 3534 689 3604 D„
715 3549 827 3602 cuperes
850 3533 928 3587 Peru.
1014 3535 1059 3588 20.
1082 3549 1195 3588 noscere

111 3615 201 3674 cincla
215 3614 248 3672 Υ.
309 3621 356 3673 21.
374 3615 476 3672 inciens
490 3620 537 3690 N„
557 3620 682 3674 coniers.
700 3618 883 3676 medulisllb.
944 3622 989 3672 2³.
1003 3618 1147 3687 quoiquam
1157 3622 1197 3675 B.

109 3700 204 3756 faciles
221 3700 257 3757 N.
269 3700 333 3770 Hb„
353 3700 455 3756 iacileis
473 3703 507 3782 ri.
567 3705 610 3762 24.
628 3703 727 3758 illel).
744 3721 827 3758 munu
839 3701 896 3758 Hb.
941 3706 984 3756 27.
1005 3702 1137 3756 deducere
1152 3705 1197 3774 6.,

110 3785 260 3842 subducere
275 3793 313 3842 H.
324 3788 357 3845 V.
365 3788 406 3840 Μ.
421 3789 498 3840 edric
508 3786 563 3842 Hir.
575 3805 610 3844 m.
620 3806 644 3847 e.
700 3793 743 3846 28.
758 3791 825 3844 alios
834 3794 872 3846 H.
890 3789 961 3842 cedit
973 3785 1027 3857 Hl.
1082 3793 1126 3844 29.
1138 3805 1198 3840 ma·
1265 3852 1269 3863 .

111 3867 176 3939 nus]
195 3870 263 3924 ond·
277 3874 310 3925 G.
373 3877 417 3931 30.
435 3871 477 3941 es]
496 3877 523 3927 et
536 3874 571 3933 D.
588 3873 689 3940 aufuge
707 3891 803 3928 omues.
863 3879 908 3932 31.
925 3873 1020 3926 salices
1037 3874 1069 3932 V.
1088 3879 1115 3926 et
1131 3889 1198 3941 por·

111 3960 177 4010 sunt
193 3956 229 4011 B.
240 3955 350 4027 Alli„
373 3963 404 4012 et
420 3957 525 4028 possint
541 3959 578 4015 N.
648 3965 692 4017 32.
709 3960 829 4013 Necdum
850 3961 882 4015 V.
900 3975 926 4018 r.
946 3957 1005 4028 ipse
1022 3959 1099 4014 Perr.
1113 3958 1145 4011 Ρ.
1164 3956 1195 4009 V.

112 4041 369 4102 &mmmm
437 4045 893 4116 &mmmssmfflffln

181 4143 224 4212 X,
246 4148 270 4197 1.
293 4141 409 4199 iucunda
424 4145 615 4203 alumni.
666 4145 822 4200 aiocunda
838 4143 1030 4204 alcinus.
1083 4141 1110 4196 4.
1125 4157 1194 4210 quo·

113 4227 210 4284 tiesA.
267 4230 740 4301 e.et]in1²err.1ongam-moram
756 4222 811 4285 G(
851 4227 1194 4298 alenconensium..

113 4313 247 4370 lebenteie
264 4316 296 4370 1³.
309 4316 342 4370 A.
