2822 4976
245 345 326 426 254
497 401 501 412 -
578 355 995 418 commutaturum.

246 534 346 600 bonae
361 531 460 612 lrugis
479 547 518 596 ex
533 530 641 596 alianis
662 530 765 595 saltem
784 529 890 594 studiis
907 529 965 594 buc
982 529 1063 595 relat
1080 547 1153 596 casu
1170 530 1312 600 allueret
1393 485 1394 504 ἶ

245 621 322 688 nau
346 620 551 684 (labbeanae
574 619 674 692 (Trai.
694 618 1026 696 contemnemus),
1049 618 1208 683 Graevii
1230 619 1311 695 (ibid.
1393 615 1394 628 ³

250 711 344 773 loeo.
360 705 418 785 8.),
439 705 559 768 sttrii
581 705 693 784 (Paris.
707 706 737 766 iu
758 723 802 768 os.
819 703 924 784 Delpb.
940 706 1033 766 1685.
1048 704 1095 782 8.)
1110 704 1257 768 editiones
1270 707 1313 769 tix
1392 711 1394 786 j

248 794 358 874 dignae
380 801 446 853 suut
463 809 540 870 quae
557 801 831 853 commemorentur.
875 791 941 852 Una
954 789 1194 853 Brookbusii
1215 795 1314 855 eminet

246 877 442 960 (dmstelaed.
465 876 543 958 apud
567 877 757 940 Wetsteoiunr
783 879 875 939 1702.
893 876 938 950 4.)
959 893 1037 938 nora
1054 878 1237 940 Batauorum
1258 878 1315 940 ele·

245 966 360 1048 gartia.
403 962 463 1026 Sed
489 964 552 1038 bic,
573 981 636 1024 cum
658 966 689 1025 in
713 963 910 1044 explicatione
931 972 1038 1042 poetae
1058 965 1150 1026 multa
1173 975 1254 1028 recta
1274 964 1313 1026 ri·

246 1054 334 1127 derit,
355 1050 462 1114 Graeci
486 1059 581 1112 tamen
604 1052 747 1112 sermonis
768 1050 974 1127 ignorantiam,
997 1066 1082 1128 quam
1104 1051 1136 1112 iu
1157 1051 1314 1130 interprete

245 1138 397 1218 Propertii
425 1137 542 1198 minima
569 1135 666 1210 ieras,
699 1136 806 1198 alienis
836 1137 949 1196 artibus
982 1152 1176 1216 compensare
1206 1137 1311 1200 lrustra

244 1225 367 1288 studuit.
410 1223 484 1286 llam
506 1222 661 1284 sententiis
684 1239 701 1283 e
723 1221 939 1284 recentioribus
960 1223 1048 1283 etiam
1070 1224 1200 1284 omnium
1222 1224 1313 1285 natio·

244 1329 311 1375 num
330 1309 429 1391 poetis
448 1307 645 1388 undequaque
663 1309 809 1388 excerptis
827 1306 893 1368 dum
914 1307 1089 1382 luxurietur,
1105 1310 1210 1370 aliena
1228 1309 1313 1371 multa

244 1397 401 1460 admiscuit
423 1405 453 1459 ct
474 1413 577 1456 rursus
599 1394 736 1474 plurima,
760 1395 790 1455 in
817 1395 922 1473 quibus
950 1395 1055 1456 merito
1079 1395 1207 1456 haerere
1229 1396 1312 1457 debe·

241 1483 313 1558 bat,
335 1481 450 1555 omisit,
471 1481 656 1561 superiorum
678 1479 837 1553 editorum,
860 1498 945 1561 quem
967 1481 1083 1543 minime
1105 1481 1250 1555 decebat,
1270 1483 1312 1542 iu·

243 1569 377 1633 ridiosus
401 1568 591 1629 obtrectator.
635 1564 680 1628 Ad
705 1585 767 1628 rem
794 1567 926 1628 criticam
954 1567 1073 1629 codices
1100 1585 1172 1629 msa.
1197 1577 1227 1631 et
1252 1565 1311 1630 edi·

241 1655 340 1720 dones
361 1665 478 1718 ueteres
501 1651 626 1715 contulit
654 1653 706 1713 ille
727 1651 860 1734 ¹quidam,
888 1669 942 1714 neo
965 1661 1061 1716 tamen
1082 1655 1219 1715 omuibus
1242 1653 1310 1715 locis

245 1752 275 1806 at
297 1744 342 1805 bis
365 1741 438 1820 ipsis
460 1740 533 1802 satis
556 1739 751 1818 negligenter,
773 1742 802 1800 iu
824 1739 1005 1802 emendando
1026 1756 1098 1801 uero
1118 1741 1233 1802 nullam
1252 1757 1311 1802 cer·

240 1837 303 1892 tam
332 1828 478 1888 rationem
512 1835 628 1888 secutus
658 1828 844 1906 superiorum
873 1826 1043 1887 criticorum
1071 1826 1212 1902 iuuenta,
1240 1826 1311 1886 bona

240 1913 398 1996 quaedam,
419 1913 548 1993 plurima
569 1922 665 1975 tamen
688 1912 776 1988 laisa,
797 1913 919 1992 recepit,
941 1911 1028 1972 modo
1051 1912 1186 1990 neglexit
1207 1922 1311 1974 utrum·

244 2017 320 2082 qne,
348 2017 386 2060 ue
406 2000 435 2060 in
459 2000 619 2078 partitione
641 1998 759 2078 quidem
781 2000 940 2058 carminum
963 1999 1152 2076 scaligerum
1178 1998 1311 2060 deserere

241 2103 342 2149 ausus.
388 2083 629 2147 Gouieoturarom
648 2103 718 2146 uero
738 2086 830 2164 ipsios
847 2085 896 2146 rix
917 2101 974 2144 una
994 2094 1046 2146 aut
1067 2085 1168 2146 altera
1185 2085 1229 2147 ita
1245 2100 1310 2165 pro·

242 2171 351 2246 batur,
379 2178 411 2233 ut
438 2180 563 2234 aetatem
594 2169 704 2233 tulerit.
748 2169 827 2248 Quid
856 2169 969 2232 multat
1011 2171 1085 2232 Siue
1113 2171 1230 2234 inuidia
1256 2170 1310 2232 dici

242 2265 357 2340 potest,
383 2257 566 2337 operosius
595 2257 649 2318 bos
678 2257 772 2318 libros
796 2257 889 2318 nihilo
916 2255 1131 2318 emendatiores
1157 2257 1310 2336 prodiisse,

243 2361 330 2426 quan
352 2342 492 2420 Scaliger
519 2360 571 2404 eos
598 2343 764 2422 reliquerit.
806 2340 867 2404 Sed
895 2342 938 2402 ita
964 2350 1061 2404 tanen
1084 2343 1212 2420 ceteris,
1238 2359 1308 2423 quaa

241 2432 325 2494 circa
342 2429 443 2491 eadem
460 2438 595 2510 tempora
610 2429 795 2509 prodierunt,
812 2427 991 2491 editionibus
1009 2429 1195 2508 praestabat,
1211 2429 1309 2507 Angli·

243 2533 335 2580 canas
367 2515 434 2576 dico
465 2515 555 2591 duas,
589 2514 932 2593 Centobrigensem
965 2514 1090 2576 alteram
1118 2519 1230 2592 (1762.
1256 2516 1308 2593 4.),

239 2603 369 2668 alteram
390 2600 644 2664 Londinatem
668 2600 705 2662 de
728 2600 783 2662 iila
808 2618 977 2680 expressam
1003 2599 1203 2682 (171512.)
1227 2612 1308 2680 atque

242 2688 532 2768 Lugdunensem
565 2687 803 2749 batavorum
832 2685 941 2762 (1743.
971 2689 1054 2765 12),
1084 2706 1174 2768 quam
1205 2688 1307 2768 rectius

241 2776 465 2842 Parisinam
498 2774 558 2836 dici
588 2775 727 2835 Bartltius
758 2772 940 2834 demonstrat
968 2773 1079 2851 (prael.
1103 2792 1131 2853 p.
1153 2773 1298 2848 XLVlll.)

239 2861 353 2942 ignotis
372 2861 543 2923 auctoribus
564 2869 645 2922 ortas
666 2877 775 2934 omues,
795 2866 828 2921 ut
849 2856 1031 2938 exemplaria
1042 2859 1230 2921 Broukbusii
1246 2875 1307 2920 nox

236 2945 360 3029 direpta
388 2957 456 3028 post
484 2955 605 3010 mortem
627 2945 751 3008 editoris
780 2947 922 3026 postumis
946 2946 1207 3008 obseruationibus
1229 2956 1308 3006 aucta

233 3043 485 3100 retractarentur.
535 3032 717 3113 Quamquam
745 3032 790 3110 is,
819 3032 869 3111 qni
894 3031 963 3093 boic
986 3033 1109 3094 editioni
1134 3035 1178 3109 (a.
1202 3031 1305 3112 1727.)

240 3121 393 3204 praelatos
415 3129 469 3194 est,
487 3121 588 3180 nescio
608 3120 782 3200 quis-loma
805 3118 955 3196 gloriosus
978 3117 1164 3192 „Doridis
1185 3119 1306 3195 lloog·

239 3206 410 3271 stratoni
442 3205 546 3267 codice
577 3203 805 3267 emendatiorem
837 3221 899 3264 eam
927 3203 1077 3284 prodire“
1103 3205 1184 3266 falso
1211 3205 1305 3266 iactat.

238 3293 344 3374 Neque
373 3292 450 3354 enim
477 3290 634 3372 quidquam
663 3291 693 3351 11
722 3291 899 3352 carminibus
922 3299 1078 3365 mutatum,
1105 3293 1210 3354 autin
1233 3307 1305 3353 com-

237 3377 390 3443 mentariis
414 3393 451 3440 ex
480 3393 516 3438 eo
545 3377 623 3438 libro
649 3374 819 3438 adnotatum
841 3377 1012 3437 invenimus.
1057 3377 1201 3457 Vulpio
1230 3391 1305 3448 vero,

238 3467 292 3548 qui
314 3461 473 3526 contractis
494 3461 657 3530 Passeratii
686 3471 715 3524 et
735 3461 915 3524 Broolbusii
937 3465 1155 3526 commentariis
1178 3459 1304 3524 animad-

237 3551 392 3618 versiones
407 3555 620 3628 perpetuas
638 3547 748 3626 primus
764 3547 1114 3626 1661611(Ρ1111.1755.
1133 3549 1238 3612 21111.
1253 3549 1304 3620 4.),

237 3634 343 3701 nibil
370 3643 462 3714 poeta
490 3641 591 3694 noster
616 3631 719 3708 debet,
748 3635 805 3696 nisi
832 3635 889 3696 boc
916 3635 995 3697 torte
1024 3637 1159 3697 meritum
1187 3638 1215 3696 ei
1237 3651 1303 3694 cou-

236 3721 381 3793 oeaseris,
408 3717 489 3798 quod
514 3718 635 3780 saecolo
662 3720 806 3782 eiusmodi
835 3720 951 3783 deliciis
975 3731 1095 3784 morteto
1119 3723 1197 3784 inter
1218 3719 1302 3781 ditia·

236 3823 287 3871 res
310 3805 460 3879 homiues,
490 3813 519 3867 at
540 3805 590 3884 qui
618 3805 762 3867 lautiores
785 3807 888 3869 baberi
911 3806 1036 3880 relleut,
1059 3807 1157 3870 studia
1179 3807 1301 3886 Proper-

234 3894 319 3958 tiana
340 3890 445 3963 aleret,
464 3891 513 3951 vel
534 3901 614 3953 certa
637 3901 824 3955 sustentaret.
867 3894 941 3956 Naro
964 3893 1078 3954 11111
1102 3890 1300 3973 comparandis

235 3978 338 4050 libris,
365 3977 396 4036 iu
418 3976 524 4054 quibus
546 3994 627 4038 suam
656 3977 838 4056 diligentiam
866 3979 945 4040 lalso
968 3979 1118 4054 venditat,
1147 3979 1298 4057 negligen-

236 4063 366 4127 tissimus
398 4060 453 4134 sit,
482 4062 511 4124 in
541 4066 774 4139 commentariis,
802 4065 860 4126 uisi
887 4065 987 4127 aliena
1019 4067 1131 4128 scrinia
1159 4063 1300 4145 compilat,

224 4145 377 4229 garrulus
399 4163 490 4209 uanus
512 4157 638 4230 apparet
667 4159 696 4212 et
724 4150 877 4230 petulans,
906 4159 951 4228 et,
979 4151 1045 4213 dun
1077 4153 1157 4214 sales
1179 4151 1298 4219 eiectat,
1388 4195 1389 4201 .

222 4234 345 4314 Ι1111111
373 4233 490 4295 omniuo
519 4245 618 4310 caret,
653 4235 809 4300 absurdos.
862 4238 921 4315 Qui
954 4248 1093 4319 quantum
1131 4238 1240 4301 aluerit
1269 4237 1298 4292 tl

234 4317 448 4402 intelligendo,
475 4319 583 4390 uadum
603 4321 828 4406 interpretando
851 4326 973 4408 audpuo
1001 4333 1113 4410 postas
1137 4342 1194 4410 par
1219 4324 1299 4396 auat
