2762 4972
164 333 251 409 Caput
269 333 303 392 V.
338 336 385 391 lle
402 333 579 406 dispositione
596 333 744 392 carminum
761 335 1005 408 Propertisnornm.
1070 325 1124 406 79

438 503 641 595 caput
670 504 728 577 V.
891 495 899 531 ²

149 647 196 700 lle
219 645 458 714 dispositione
482 646 672 698 carminum
692 643 1021 713 Propertiooornm.

157 763 231 832 Post
262 767 466 836 incentionem,
490 766 628 848 proxima
659 765 726 827 laus
758 773 804 829 est
837 763 1126 847 dispositionis,

67 871 148 936 pram,
166 855 256 917 aliter
283 862 430 935 specta,
458 852 548 916 abter
575 851 613 914 ab
641 861 764 915 oratore
791 851 905 916 institui
931 863 1042 916 certum
1068 864 1124 922 est.

67 941 111 1003 llic
130 942 211 1002 euim
226 957 291 1002 cum
313 940 497 1022 propositum
518 938 646 1015 babeat,
673 947 705 1001 ut
730 937 856 1000 edoceat
877 947 906 1000 et
931 939 1124 1020 persuadeat,

67 1036 245 1106 praeparatas
262 1027 417 1108 prooemio
435 1023 617 1087 erudientium
635 1025 748 1085 animos
769 1022 867 1092 media
886 1025 1032 1101 oratione,
1052 1045 1124 1090 cou-

67 1111 132 1174 lerto
152 1123 392 1192 argumentorum
413 1108 631 1192 quodammodo
653 1109 781 1189 agmine,
802 1109 991 1189 aggreditur,
1012 1120 1044 1174 ut
1063 1113 1125 1176 iam

69 1197 191 1262 cedentes
220 1207 250 1261 et
278 1199 363 1281 quasi
394 1198 469 1276 fuga
496 1197 649 1272 labentes,
679 1197 874 1276 peroratione
900 1197 994 1260 uictos
1021 1199 1125 1261 trium·

69 1285 145 1366 pbaus
177 1285 319 1366 abripiat.
364 1283 446 1348 Hinc
473 1284 501 1345 si
530 1291 630 1345 uotum
661 1277 736 1345 illud
765 1281 899 1344 Platonis
929 1283 1041 1358 simile,
1072 1285 1125 1366 qui

71 1387 192 1434 omnem
213 1373 379 1434 orationem
400 1370 522 1432 animali
544 1377 709 1449 comparat,
731 1376 821 1447 eaput
841 1376 871 1432 et
891 1385 998 1452 corpus
1020 1377 1050 1434 et
1070 1389 1126 1452 pe·

69 1457 110 1518 des
126 1457 265 1534 babenti,
291 1456 342 1520 ad.
358 1465 510 1519 externam
536 1452 654 1537 quidem
677 1454 805 1536 speciem
831 1453 863 1516 in
890 1457 1055 1518 orationem
1077 1457 1126 1519 fo-

69 1561 166 1606 rensem
192 1559 254 1606 uon
279 1544 373 1606 minus
394 1559 490 1623 ¹quam
517 1541 548 1604 iu
575 1557 682 1622 poema
709 1538 818 1602 cadere
845 1538 997 1616 rideatur,
1030 1541 1123 1606 multo

69 1631 274 1712 aueuaptins
302 1630 333 1691 iu
357 1629 414 1691 boc
441 1644 528 1709 quam
553 1627 585 1690 in
609 1623 684 1688 illud
712 1625 772 1688 dici
797 1626 1006 1690 existimamus.
1048 1627 1126 1692 Nam

70 1725 173 1792 orator,
193 1716 324 1796 quaein
345 1723 453 1778 natura
474 1731 573 1776 rerum
595 1712 752 1775 coniuncta
771 1720 801 1774 ct
821 1711 983 1776 indisereta
1002 1713 1127 1792 inuenit,

70 1802 156 1864 uentis
180 1803 249 1864 acie
270 1811 429 1882 penetrare
454 1807 484 1862 et
507 1799 666 1878 seiungere
691 1807 721 1862 ct
748 1814 806 1878 quo
832 1799 942 1888 rectius
970 1799 1125 1864 audientes

70 1887 128 1966 quid
148 1905 281 1970 uerum
311 1889 350 1950 sit
379 1885 555 1961 diiudicent,
583 1901 634 1948 eas
662 1883 815 1959 notiones,
842 1883 1003 1964 inquibus
1029 1895 1126 1950 status

70 1989 160 2034 causae
179 1982 334 2050 uersatur,
364 1971 488 2034 delinire
512 1971 707 2053 partibusque
734 1968 860 2050 siugulis
888 1969 926 2032 ad
953 1988 1036 2034 suum
1058 1973 1123 2034 cui-

71 2077 116 2138 que
134 2058 230 2122 locum
253 2075 431 2121 communem
457 2056 562 2120 relatis
591 2059 770 2120 rationes
799 2056 996 2135 colligere
1025 2056 1125 2122 debet.

69 2145 155 2224 ltaque
176 2145 306 2208 similior
327 2154 372 2208 est
395 2145 439 2220 ei,
460 2143 511 2224 qui
534 2141 642 2206 animal
662 2152 797 2205 necatum
819 2140 949 2205 dissecat
970 2153 999 2207 et
1023 2153 1125 2226 partes

71 2223 183 2309 cingulas
204 2241 296 2313 atque
313 2247 449 2294 recessus
471 2229 596 2291 curiosis
616 2226 848 2310 introspicienda
866 2230 1017 2312 proponit,
1038 2247 1127 2310 quam

70 2316 157 2378 artifici
175 2320 276 2382 rivum
297 2334 406 2400 corpus
427 2314 590 2394 elingeuti.
630 2314 726 2376 Poeta
747 2324 866 2388 eontra,
888 2333 926 2377 ue
947 2315 985 2378 de
1008 2316 1126 2379 scenico

72 2411 93 2464 et
111 2404 188 2485 epieo
211 2403 327 2479 dicam,
352 2401 405 2466 sed
427 2420 465 2464 ue
484 2402 594 2480 lyricus
616 2400 734 2482 quidem
755 2411 807 2465 aut
828 2399 978 2480 elegiacos
998 2399 1031 2463 id
1052 2403 1128 2482 agit,

71 2495 96 2552 ιι
114 2487 248 2554 doceat
279 2499 308 2555 et
329 2488 573 2562 demonstret,
600 2485 654 2550 sed
672 2504 790 2550 carmen
809 2487 895 2567 quasi
918 2485 1032 2550 tetum
1056 2505 1130 2570 pro·

70 2591 159 2639 creare
184 2575 295 2639 studet.
345 2575 421 2639 Huic
453 2591 513 2635 nou
542 2581 629 2636 extra
657 2589 776 2636 carmen
805 2573 932 2654 positum
961 2573 1133 2653 eonsilium,

71 2661 114 2722 sed
138 2679 258 2724 carmen
287 2663 382 2743 ipsum
408 2659 564 2722 consilium
590 2665 644 2721 est.
696 2659 819 2721 Haece
846 2667 944 2721 autem
971 2661 1130 2738 coeteris,

71 2747 111 2826 qui
132 2766 201 2812 rere
232 2747 386 2824 dicuutur,
410 2743 573 2808 artificibus
597 2742 716 2821 differt,
742 2741 823 2824 quod
847 2761 908 2808 uon
934 2763 1021 2809 uuum
1046 2745 1127 2810 uitae

71 2844 233 2898 nomentum
263 2832 371 2914 arripit
393 2839 435 2895 et
467 2827 684 2912 quodammodo
714 2832 841 2892 vinetum
871 2831 1029 2912 proponit,
1064 2829 1130 2910 scd,

70 2935 134 2998 quae
161 2938 195 2983 se
230 2920 379 3000 excipiunt
409 2916 551 2999 temporis
585 2916 682 2993 serie,
713 2914 852 2998 deinceps
878 2925 1023 3002 enarrat.
1066 2916 1130 2980 lam

71 3020 130 3067 uero
157 3005 271 3080 nubam
299 3006 390 3068 uitam
417 3006 482 3066 sino
510 3002 724 3066 certamine
754 3019 820 3064 csse
847 3003 972 3066 constat.
1024 2999 1131 3066 Certa-

70 3090 136 3154 miua
156 3109 232 3172 ergo
254 3110 318 3155 cum
340 3090 419 3154 ueris
441 3089 618 3155 carminibus
638 3088 771 3151 omnibus
794 3086 998 3164 includantur,
1018 3087 1131 3168 lyricus

70 3193 160 3242 rursus
181 3188 212 3242 et
233 3178 385 3258 elegiacos
404 3185 496 3258 poeta
516 3192 552 3238 eo
574 3175 699 3256 reliquis
721 3173 825 3249 distat,
850 3173 930 3256 quod
957 3192 1017 3237 uon
1038 3177 1132 3240 uitam

71 3262 145 3328 uodo
166 3273 252 3328 extra
270 3282 303 3327 sc
321 3264 449 3346 positam
470 3260 604 3338 deducit,
632 3259 685 3324 sed
705 3262 752 3324 sui
779 3259 889 3344 ipsius,
909 3268 942 3326 nt
960 3261 1005 3325 itu
1025 3261 1132 3338 dicam,

71 3350 149 3413 animi
175 3353 275 3414 uitam.
302 3349 431 3430 ,ltaque
457 3357 608 3412 certamen
637 3364 697 3410 non
723 3348 802 3412 iuter
829 3347 961 3410 honines
990 3356 1051 3426 est,
1079 3347 1135 3412 sed

72 3449 127 3497 eum
146 3438 226 3500 inter
247 3435 373 3498 animum
396 3445 426 3500 et
446 3451 496 3498 res
519 3435 688 3517 oppositas,
709 3434 880 3515 quibuscum
901 3433 1047 3510 luctatur,
1071 3442 1134 3498 ιιιιιι

70 3537 131 3585 aero
152 3523 279 3587 maxime
303 3521 383 3585 iuter
406 3519 530 3585 allectus
556 3522 640 3602 ipsos
664 3538 765 3585 secum
792 3518 985 3599 dissidentes,
1008 3537 1135 3600 quorum

70 3616 113 3670 ιιι
132 3608 307 3672 alterutrum
334 3625 480 3689 superare
508 3616 560 3669 eut
582 3616 736 3688 utrumqne
756 3623 831 3690 pace
852 3607 990 3689 componi
1010 3623 1134 3670 necesse

71 3701 116 3758 est.
163 3695 240 3758 lliuc
270 3695 440 3776 tripartitae
471 3693 590 3775 quidem
620 3692 736 3757 formae
767 3693 897 3774 speeiem
927 3709 1036 3776 poema
1068 3709 1135 3756 oum

72 3780 197 3845 oraboue
216 3797 395 3843 communem
413 3779 537 3856 babere,
556 3797 740 3861 consequeus
763 3787 817 3843 est.
858 3779 936 3844 Nam
956 3795 1056 3854 causa,
1074 3797 1136 3861 qua

72 3866 175 3929 animus
201 3867 328 3948 primum
351 3875 500 3944 mouetur,
524 3864 661 3946 adeoquo
684 3866 783 3947 prima
807 3865 898 3928 animi
924 3863 1063 3928 commoti
1089 3864 1137 3928 ιιι-

71 3947 151 4014 ιιιιίο
170 3951 365 4016 exordium
387 3952 506 4017 eliciet.
548 3951 642 4029 Hinc,
664 3953 726 4014 alio
747 3950 855 4014 allecto
873 3951 1011 4034 opposito
1027 3951 1138 4034 priori,

73 4033 172 4102 diuisus
194 4039 323 4115 animus,
345 4039 396 4120 qui
416 4037 456 4102 ab
473 4047 600 4118 utraque
622 4048 708 4119 parte
727 4037 852 4101 hostiles
875 4037 955 4102 acies
978 4037 1064 4119 quasi
1089 4038 1138 4100 in·

74 4125 159 4202 struit,
179 4141 331 4188 carmen
351 4123 509 4200 medium
524 4125 679 4188 obtinebit.
722 4123 898 4188 Certamiuis
915 4121 1043 4204 deuitpde
1059 4120 1137 4199 linis,

74 4221 129 4270 cun
149 4220 201 4274 aut
221 4211 318 4276 altero
340 4219 501 4293 superante
522 4210 600 4274 alter
621 4209 782 4294 pauitant
804 4211 890 4274 ambo
912 4209 991 4273 inter
1013 4225 1047 4270 se
1067 4206 1136 4289 pla-

74 4292 132 4360 cido
151 4298 345 4378 conueniunt,
369 4306 477 4382 sponte
504 4295 537 4360 in
565 4297 709 4363 exitum
736 4295 825 4364 cedit.
867 4297 965 4380 Atque
992 4293 1138 4360 lacteum
