2806 4974
246 347 324 431 209
564 365 755 424 Quaestionum
774 364 856 421 Liber
872 363 1015 420 secundus.

245 541 347 610 britti
374 542 480 607 Festos
507 537 556 606 uel
585 538 761 604 Callimachi
788 539 1002 624 epigrammata
1027 537 1133 618 elegiis
1158 534 1310 600 eorundem

243 640 399 715 puetarum
426 628 678 702 adnumerauerit,
705 627 754 690 rel
784 629 872 689 etiam
900 628 1023 688 maiore.
1066 627 1141 689 Nam
1162 626 1311 688 Hermes

244 726 327 780 certe
347 715 410 788 ille,
432 715 485 796 qui
506 714 533 776 si
545 713 675 777 Stobaeo
698 712 771 775 iides
795 711 885 791 (licii.
901 713 1003 793 Pbyss.
1016 711 1052 787 V,
1067 715 1098 774 4.
1114 729 1145 792 p.
1161 711 1249 790 156.)
1264 729 1311 773 ra-

244 804 301 866 riis
324 801 425 864 metris
448 800 617 881 conscripta
639 799 771 862 carmina
793 797 934 861 continuit
954 798 1008 873 (ci.
1030 798 1156 862 licerer.
1179 797 1211 858 in
1232 796 1312 859 Gom·
1390 817 1391 820 ¹

244 897 363 951 mental.
385 887 423 948 de
446 887 589 949 Fontibus
609 884 791 964 Eologarum
814 885 899 947 Stob.
914 903 944 966 p.
961 887 1033 948 157.
1052 883 1144 945 Baob.
1163 882 1186 946 1.
1201 883 1223 945 l.
1239 882 1311 968 29),

243 974 407 1053 elegiarum
434 971 582 1053 particula
606 988 672 1034 esse
700 989 885 1052 nequaquam
911 971 1018 1051 potuit.
1058 971 1097 1032 At
1125 987 1163 1032 ne
1192 968 1224 1030 iri
1251 969 1313 1050 qui-¹

245 1060 325 1134 ulem,
349 1055 428 1139 quod
449 1059 559 1139 passim
580 1056 668 1119 uideo
690 1059 771 1121 uiros
794 1057 896 1119 doctos
918 1056 1085 1129 affirmare,
1112 1063 1145 1118 ut
1171 1053 1311 1117 Bittidi

244 1146 359 1225 elegias
388 1162 457 1206 suas
487 1153 537 1206 aut
564 1159 663 1208 omnes
691 1153 742 1206 aut
770 1143 874 1206 saltem
902 1143 1030 1224 aliquem
1052 1141 1161 1204 librum
1182 1140 1310 1203 Philetas

244 1231 440 1312 inscripserit,
463 1247 501 1292 ex
520 1228 620 1294 Ouidii
641 1238 672 1291 et
690 1229 939 1294 Hermesianactis
958 1229 1058 1291 uerbis
1080 1225 1218 1289 eflicitur.
1259 1225 1311 1288 llio

246 1320 324 1381 enirn
353 1333 417 1378 curn
440 1315 531 1378 [luunt
552 1324 670 1396 poetam
701 1325 811 1377 tantum
832 1314 911 1377 dieat
931 1307 1072 1374 Βιττίδα
1099 1303 1312 1392 μολπάζοντα

244 1397 350 1486 θοὴν,
374 1400 478 1464 eodem
500 1402 566 1463 inre
588 1404 738 1465 51548.
758 1401 864 1463 Alcaei
884 1401 1015 1462 carmina
1037 1399 1192 1481 Sappho
1214 1397 1312 1479 appel·

245 1488 310 1551 lata
340 1489 433 1550 luisse
463 1487 621 1563 coniicias,
652 1488 702 1550 rel
729 1505 766 1550 ex
790 1487 928 1567 Propert.
955 1485 1000 1560 Π,
1029 1489 1087 1560 34,
1112 1486 1167 1548 88.
1200 1486 1258 1560 25,
1283 1485 1312 1546 4.

245 1573 333 1639 orit.
363 1591 401 1636 ex
427 1573 513 1637 Pont.
535 1573 579 1647 11,
602 1576 677 1637 427.
697 1581 762 1654 sqq.
790 1572 900 1636 catulli
927 1569 1113 1633 Lesbiam.
1158 1568 1207 1632 (ii.
1229 1585 1312 1650 prae-

249 1670 335 1724 terea
356 1677 433 1740 quae
454 1658 587 1722 biblii.
602 1657 774 1739 Gap.ll.V.
791 1659 812 1722 l.
835 1657 873 1721 tie
893 1659 1041 1736 Propertii
1066 1656 1231 1737 Cynthia
1252 1657 1313 1736 ipsa
1378 1705 1381 1716 .

243 1747 428 1897 peripsirlnus.
470 1745 600 1808 Minoris
623 1744 711 1808 etiam
734 1746 871 1808 nomenti
885 1743 985 1808 ouidii
1006 1751 1074 1806 suut
1094 1759 1200 1808 uersus
1214 1741 1311 1806 Tristt.

266 1878 277 1911 ι
325 1877 334 1910 ι
377 1850 486 1912 ·⁵‘l¹i·²

379 1956 436 2008 Nee
454 1962 556 2009 tuotone
574 1957 666 2010 Olario
685 1956 755 2024 Lyde
771 1957 866 2008 dilecte
882 1963 985 2024 poetae,
1077 1982 1080 1986 ·

415 2025 471 2076 Nee
490 2033 591 2078 tuntum
612 2027 664 2078 Goo
682 2027 796 2077 Bittis
815 2033 933 2078 crrruto
951 2042 999 2076 scu
1017 2029 1066 2090 est,

384 2091 537 2146 Pectoribus
557 2102 682 2162 puuctum
699 2101 729 2146 tc
744 2097 844 2148 bestris
860 2110 931 2147 acor
949 2093 1068 2146 irrbceres
1086 2118 1121 2132 ·-

243 2216 275 2273 et
295 2222 334 2274 ex
353 2205 450 2272 Ponto
472 2206 534 2283 111,
555 2210 588 2286 l,
609 2210 679 2273 57.;

379 2325 437 2378 Nee
455 2331 480 2376 te
498 2328 593 2378 cescirt
609 2329 712 2395 potitur
728 2344 787 2380 mea
804 2330 920 2397 papiro,
939 2343 991 2397 quo
1006 2342 1060 2379 coc

420 2395 535 2462 iuferius
555 2397 610 2448 Coa
627 2397 727 2449 Bittide
743 2413 835 2450 nemete
852 2397 940 2450 babes.
1025 2443 1028 2454 .

245 2510 322 2578 Nam
342 2531 380 2576 ue
400 2513 507 2576 iterum
529 2512 567 2577 ad
586 2512 699 2578 ¹Catulli
714 2515 853 2580 Lesbiam
871 2515 1080 2598 provocemus,
1101 2511 1206 2596 quidni
1228 2511 1314 2586 ocius,

245 2601 273 2664 si
301 2602 374 2663 baec
396 2600 497 2664 ualeat
517 2602 723 2679 ratiocinatio,
750 2620 806 2684 pro
831 2603 1033 2666 Tristibus
1064 2609 1104 2670 et
1120 2598 1311 2682 Epistolis

245 2687 346 2750 ortuli
374 2687 519 2750 Uxoris
549 2704 654 2750 nornen
680 2690 712 2750 in
738 2689 826 2751 titulo
855 2687 1068 2751 rescribimus?
1111 2689 1149 2750 At
1174 2685 1251 2748 illuri
1277 2699 1312 2744 ne

245 2780 398 2853 comparet
419 2772 546 2853 quidem.
588 2774 709 2837 Rectius
730 2775 824 2853 igitur
845 2774 989 2837 Philetam
1011 2773 1124 2835 dixeris
1146 2773 1312 2835 celebrasse

245 2858 363 2938 quidem
393 2859 499 2936 elegiis
526 2858 666 2923 Rittidem
697 2878 795 2934 suam,
825 2878 879 2924 nee
909 2871 1004 2923 tamen
1037 2858 1106 2920 inde
1137 2857 1311 2921 carminibus

245 2960 352 3006 nomen
371 2946 522 3007 tribuisse.
568 2945 680 3021 Quibus
703 2947 824 3027 siquae
844 2964 881 3008 ex
901 2947 1026 3008 serratis
1047 2945 1141 3007 titulis
1160 2943 1311 3023 inscriptio

152 3035 156 3047 '
234 3031 286 3094 ‘sit
313 3029 500 3110 quaerentia,
532 3031 616 3094 nulla
643 3031 705 3094 alia
735 3033 792 3095 erit
820 3032 877 3094 nisi
907 3023 1079 3114 παιγνίων.
1127 3030 1211 3094 Haeo
1241 3028 1312 3091 euim

250 3115 389 3178 iocosa
415 3117 586 3178 carmina
612 3119 854 3199 interpretantem
873 3118 1037 3197 Kayserum
1058 3115 1149 3197 (Phil.
1173 3115 1230 3179 Goi
1249 3111 1312 3177 rell.

244 3219 277 3282 p.
296 3201 363 3279 29.)
386 3203 491 3264 merito
513 3202 626 3267 refellit
645 3203 761 3265 Iacobs.
785 3201 839 3283 (ab
856 3204 944 3266 Antb.
961 3203 1014 3264 Br.
1033 3202 1062 3279 l,
1081 3204 1154 3268 189,
1174 3203 1226 3268 lv,
1245 3199 1312 3264 Ani.
1388 3189 1389 3270 p

245 3285 359 3350 ΜΠ·
383 3287 422 3349 ⁸⁶
443 3287 532 3352 ΑΜ·
557 3288 607 3351 Gr·
634 3289 670 3352 Τ·
687 3289 738 3356 Vl·
757 3306 788 3369 p.
805 3292 876 3353 388·
893 3287 973 3372 sqq.)
998 3288 1141 3352 Simmiae
1171 3285 1311 3368 exemplo,

109 3441 113 3446 ,
246 3373 329 3435 cuius
353 3373 499 3447 carmina,
526 3374 684 3455 inquibus
713 3375 788 3437 nibil
818 3383 863 3438 est
887 3375 998 3450 iocosi,
1026 3383 1108 3437 recte
1135 3382 1233 3438 tamen
1255 3373 1310 3435 lie·
1388 3387 1389 3394 ¹

245 3457 383 3539 piaestio
405 3458 539 3532 (Encbir.
556 3477 587 3539 p.
602 3463 654 3524 65.
674 3459 721 3523 ed.
739 3460 850 3538 Paris.)
873 3453 1012 3543 παίγνια
1032 3460 1175 3542 appellet.
1219 3457 1313 3523 Potuit

244 3541 323 3608 itlem
354 3543 447 3623 ipsius
469 3543 606 3607 Pbiletae
634 3547 801 3609 testimonio
834 3545 975 3626 defungi,
1007 3549 1089 3609 cuius
1118 3547 1311 3624 fragmentum

245 3620 408 3710 παιγνίων
428 3647 447 3689 a
465 3629 599 3694 Stobaeo
621 3641 767 3695 semotum
787 3630 919 3708 CXXIV,
935 3637 985 3696 10.
1001 3651 1031 3714 p.
1045 3635 1118 3697 617.
1137 3633 1240 3695 flebile
1258 3646 1311 3711 po·
1388 3635 1389 3674 ³

245 3713 304 3776 tius
327 3713 441 3794 aliquid
462 3717 541 3798 sapit
563 3726 593 3780 et
613 3728 754 3781 moestum
777 3735 864 3799 quam
890 3719 959 3781 ioca
979 3728 1008 3783 et
1035 3718 1197 3783 lasciuiam.
1239 3718 1311 3796 Apte

247 3797 323 3860 enim
350 3800 383 3860 in
407 3799 482 3862 illud
511 3801 571 3863 iam
598 3805 785 3867 contulerunt
810 3803 900 3885 Prop.
922 3804 952 3879 1,
976 3807 1034 3881 17,
1057 3808 1108 3869 19.
1130 3821 1195 3886 sqq.
1239 3797 1310 3865 Adri.

243 3883 276 3958 1,
298 3886 348 3948 19.
369 3885 434 3947 init.
463 3885 509 3961 11,
533 3892 587 3964 13,
608 3892 662 3952 41.
704 3890 781 3952 Sunt
810 3890 903 3969 igitur
930 3890 1038 3953 lusus
1066 3889 1232 3972 poetici,
1263 3885 1311 3967 qui

246 3975 277 4032 et
300 3978 472 4048 argumento
501 3980 530 4035 et
555 3977 692 4066 versibus
720 3975 850 4038 leuiores
880 3977 958 4057 epioi
986 3987 1017 4040 et
1041 3977 1152 4058 tragici
1179 3974 1311 4038 carminis

218 4112 221 4116 .
245 4055 388 4133 gravitati
410 4072 446 4117 eo
467 4059 583 4122 nomine
605 4070 793 4142 opponuntur
816 4061 870 4135 (ol.
889 4079 994 4124 comm.
1008 4063 1100 4144 Prop.
1113 4064 1153 4140 11,
1168 4063 1308 4138 34‚85.)=

244 4156 368 4218 nugas
394 4138 527 4204 Catullus
557 4145 674 4209 dixerit.
725 4147 850 4210 Talibus
881 4157 978 4211 autem
1005 4151 1188 4230 argumentis
1216 4160 1309 4210 omues

246 4223 416 4324 relliquiae,
438 4243 511 4308 quas
533 4221 571 4305 ἐξ
592 4220 724 4316 ἀδήλων
747 4224 843 4294 εἱδῶν
859 4232 988 4296 Baebius
1008 4233 1079 4299 inde
1102 4256 1121 4299 a
1139 4255 1169 4320 p.
1180 4237 1232 4298 47.
1252 4232 1310 4296 ool-

244 4308 340 4391 legrt,
369 4312 448 4376 inter
477 4315 614 4397 elegiaca
639 4325 737 4381 autem
762 4317 857 4382 luisse
878 4329 1003 4386 metrum
1023 4321 1140 4404 prodit,
1165 4321 1240 4387 bene
1259 4334 1310 4404 po·
