2834 4972
389 332 481 402 Caput
495 331 529 386 Vs
563 331 605 386 De
623 328 747 398 amicitiis
766 329 909 402 Propertii.
1136 319 1189 396 27

113 505 260 587 Mrgthus
290 505 459 587 Mariusque
487 513 576 570 autes
608 504 786 581 temerant,
821 513 851 568 et
879 504 1062 570 venusinum
1090 505 1189 571 Hora·

115 596 186 658 tium
208 612 304 675 usque
326 592 365 655 ad
389 600 551 656 eudemum
571 592 651 656 uitae
673 593 798 672 spatium
823 593 957 672 gavisum
979 608 1045 656 esse
1066 593 1184 658 scimus.

117 680 191 744 Nem
222 699 261 742 ea
292 679 445 764 Propertii
472 679 620 754 carmina,
650 696 729 759 quae
755 677 808 740 ad*
822 688 924 742 nostra
947 687 1083 759 tempora
1104 680 1190 758 iuge·
1229 683 1231 692 '

116 784 203 830 uuam
224 766 309 828 illam
330 766 529 830 Romanorum
551 765 698 828 hominum
723 765 875 847 propriam
895 763 1039 845 loquendi
1063 764 1189 830 liberta·

119 863 177 916 tem
211 852 358 934 produnt,
391 860 489 914 tamen
520 852 631 932 ubique
667 860 778 914 certam
805 859 951 914 testantur
984 852 1192 928 reuerentiam,

119 957 178 1018 que
202 939 291 1014 xviros
321 945 547 1020 praepotentes,
573 946 606 1000 ut
638 945 783 1018 petrones
814 945 1042 1017 nostrorumque
1069 953 1192 1018 eperum

116 1025 256 1088 fautores
282 1024 382 1104 potius
409 1022 569 1099 colendos,
595 1041 682 1106 quum
703 1032 737 1086 ut
764 1022 874 1086 amicos
898 1022 1098 1087 familiaresue
1122 1023 1193 1086 dili-

117 1109 252 1191 gendos,
280 1111 418 1192 amplecti
444 1109 583 1172 solemus.
626 1109 662 1174 ld
690 1109 866 1190 quadratis
895 1125 1019 1173 caussae
1051 1125 1118 1173 esse
1139 1127 1191 1172 ar-

115 1197 233 1273 bitrer,
273 1214 327 1258 cun
360 1213 416 1260 nec
448 1195 591 1260 Horatius
624 1194 792 1276 Propertii,
835 1212 889 1258 nec
923 1194 1098 1276 Propertius
1130 1195 1194 1258 llo-

115 1283 189 1346 ratii
218 1282 399 1359 meminerit,
431 1300 469 1345 ne
502 1281 568 1362 quis
596 1279 635 1343 ad
666 1279 769 1363 Vulpii
796 1280 870 1361 (Vir.
895 1281 988 1364 Prop.
1016 1299 1066 1363 ap.
1087 1281 1192 1346 Barth.

118 1387 148 1450 p.
169 1367 268 1432 LXX.
289 1367 370 1449 sqq.)
400 1367 533 1432 absurda
559 1375 723 1432 commenta
750 1365 961 1430 recurrendum
987 1384 1053 1431 esre
1080 1366 1195 1445 credat,

119 1453 229 1534 quihus
248 1452 414 1517 refutandis
429 1453 569 1517 Barthins
589 1471 685 1535 aeque
705 1451 900 1534 supersedere
920 1461 1047 1534 poterat
1089 1451 1194 1532 Magis

122 1540 213 1603 ctiam
235 1539 311 1602 illud
332 1541 364 1602 in
386 1539 509 1603 Tibullo
531 1538 650 1616 selene,
677 1548 711 1605 ut
737 1539 786 1602 eui
812 1538 925 1601 nullum
950 1538 1016 1602 iere
1044 1541 1196 1618 negotium

120 1643 188 1688 cum
202 1627 381 1690 Maecenate
402 1629 526 1707 eiusque
548 1627 671 1692 cohorte
693 1625 794 1701 inerit,
815 1624 917 1689 uidere
938 1626 968 1686 in
990 1625 1119 1706 proclivi
1140 1633 1196 1690 est.

119 1711 269 1792 Suspicor
296 1722 394 1776 autem
414 1713 615 1794 Propertium,
644 1729 708 1774 eum
731 1710 862 1775 tenuiori
887 1711 934 1772 illi
961 1711 1129 1774 carminum
1140 1728 1196 1790 ge-

120 1799 189 1862 neri
216 1816 304 1879 quam
330 1799 472 1862 heroicae
500 1798 560 1862 arti
587 1815 709 1879 operam
740 1797 814 1860 dare
841 1797 935 1859 satius
961 1793 1108 1874 duxisset,
1136 1813 1197 1859 non

122 1882 217 1946 semel
237 1901 257 1947 a
277 1885 392 1965 potenti
416 1886 512 1947 amico
534 1883 712 1948 admonitum
734 1901 817 1958 esse,
844 1892 876 1946 ut
897 1883 1012 1945 maiora
1032 1883 1090 1944 sihi
1116 1882 1197 1946 cele·

120 1969 239 2033 hranda
260 1980 404 2044 sumeret,
426 1971 506 2052 quod
526 1970 654 2034 forsitan
675 1970 730 2041 ille
744 1977 863 2052 poetam
885 1964 1090 2050 superioribus
1110 1970 1196 2031 anuis

120 2055 154 2118 iu
172 2056 323 2121 imitandis
345 2056 519 2121 Callimachi
540 2047 661 2128 αἰτίοις
679 2065 826 2119 versatum
846 2053 939 2116 luisse
959 2055 1011 2129 (ci.
1030 2055 1110 2117 inira
1125 2054 1193 2118 Lib.

122 2139 183 2218 ΠΙ,
210 2139 283 2224 Gap.
303 2143 328 2206 1.
348 2143 386 2206 ΙΙ.
403 2143 472 2223 ΙΙΙ.)
503 2143 705 2224 comperisset.
756 2143 840 2204 Hanc
866 2139 1095 2203 admonitionem
1122 2141 1199 2202 inle-

120 2227 213 2290 rioris
242 2229 355 2311 ingenii
382 2231 430 2290 sui
452 2228 540 2312 culpa
561 2229 640 2290 dnm'
657 2228 730 2290 satis
755 2227 888 2290 modeste
910 2225 1056 2301 declinat,
1081 2227 1197 2288 urbana

123 2315 273 2377 oratione·
296 2329 333 2380 eo
363 2315 527 2379 deflectitur
552 2315 615 2396 (ΙΙΙ.
636 2314 681 2388 ΙΙ,
706 2319 741 2388 l,
770 2318 855 2393 dh),
883 2321 933 2389 ut,
962 2314 987 2374 si
1018 2313 1115 2376 animo
1145 2331 1198 2376 ua-

122 2401 202 2464 leret
227 2397 268 2462 ad
290 2411 348 2465 tum
376 2419 468 2481 graue
494 2419 567 2464 enus
594 2399 827 2481 suscipiendum,
852 2415 918 2461 non
935 2399 1120 2479 antiquarum
1152 2399 1200 2460 ia·

121 2486 260 2551 hularum
283 2496 334 2553 aut
355 2489 465 2552 ueteris
485 2488 630 2550 historiae
652 2486 748 2563 iacta,
774 2485 827 2549 sed
852 2485 992 2566 proxime
1009 2484 1147 2565 ¹tempora
1170 2491 1201 2547 et

122 2591 173 2637 res
192 2573 321 2652 Augusti
342 2573 422 2637 domi
440 2574 572 2653 bellique
593 2573 750 2654 praeclare
776 2581 877 2652 gestas
901 2570 994 2650 digna
1015 2570 1104 2632 laude
1126 2586 1199 2651 pro·

124 2667 280 2724 secuturus
308 2669 400 2736 esset,
427 2661 566 2741 quoniam
593 2660 637 2721 sic
664 2677 781 2739 semper
807 2657 965 2738 adipsum
990 2655 1202 2732 Maecenatem,

124 2745 246 2809 fidelem
275 2745 416 2809 (laesuris
446 2746 524 2810 omui
557 2754 690 2826 tempore
720 2743 833 2806 socium
866 2741 1029 2806 canendum
1056 2743 1203 2804 carminis

126 2841 303 2911 argumento
318 2832 485 2897 duceretur.
531 2832 583 2894 Sic
606 2831 693 2892 simul
714 2830 854 2893 molestas
877 2829 936 2891 sihi
957 2845 1063 2908 preces
1085 2829 1204 2903 avertit,

127 2928 155 2984 ct
183 2920 374 2996 Maecenati,
406 2935 471 2982 eum
499 2937 580 2994 eam,
613 2935 700 2996 qnam
728 2917 815 2996 epico
846 2923 983 2995 poemate
1017 2914 1136 2975 facilius
1165 2931 1199 2976 se

128 3005 353 3085 impetraturum
371 3023 437 3068 esse
451 3005 582 3068 tortasse
602 3013 786 3084 sperauerat,
805 3000 1119 3076 commemorationem,
1138 3017 1206 3062 uer-

128 3091 210 3154 sihus
232 3091 283 3155 rel
304 3092 414 3173 optimo
439 3109 560 3174 quoque
581 3099 674 3171 poeta
696 3090 781 3170 epioe
808 3087 906 3167 dignis
934 3103 1074 3148 summam
1095 3088 1205 3166 imper-

129 3177 201 3253 tiat,
228 3178 296 3261 plus
326 3196 415 3259 quam
441 3179 514 3242 satis
542 3177 626 3240 lacit.
668 3177 762 3240 Huius
792 3175 908 3254 elegiae
940 3173 1030 3236 simili
1059 3174 1089 3233 in
1115 3189 1206 3250 argu-

130 3271 229 3327 mento
257 3273 396 3331 uersatur
431 3262 535 3327 eodem
560 3263 690 3326 fortasse
720 3262 846 3325 consilio
876 3261 989 3340 scripta
1019 3258 1092 3322 lihri
1124 3257 1207 3321 tertii

71 3395 75 3408 ,
128 3349 235 3425 tertia,
263 3368 322 3434 qua
342 3351 373 3412 in
396 3351 540 3414 Helicone
561 3350 754 3412 somniantem
776 3349 835 3410 iam
854 3347 945 3410 Ennii
970 3343 1120 3407 uolumina
1139 3344 1208 3406 imi·

129 3444 258 3498 tatarum
285 3436 324 3498 ah
349 3436 418 3518 ipsa
438 3435 577 3518 Gallicpa
606 3435 644 3497 ad
672 3435 788 3514 'elegias
814 3431 967 3518 tingendas
995 3430 1149 3495 abductum
1174 3447 1209 3492 se

132 3521 226 3599 tingit.
270 3521 385 3586 Eodem
413 3523 542 3603 pertinet
561 3521 610 3584 ΕΙ.
632 3519 686 3596 lv,
707 3526 737 3585 Ι.
759 3517 831 3582 inde
852 3520 889 3581 ab
910 3537 953 3583 us.
974 3520 1045 3593 ΙΙ,
1073 3535 1132 3597 qua
1153 3517 1210 3579 ho-

130 3607 252 3688 roscopi
274 3609 328 3670 sub
352 3625 483 3690 persona
502 3608 600 3672 lateus
622 3606 728 3671 relicta
751 3605 915 3687 superioris
940 3604 1083 3684 temporis
1110 3603 1211 3665 studia
1330 3643 1332 3647 -

129 3693 194 3774 ipse
221 3695 324 3757 iocose
352 3694 535 3775 perstringit.
578 3692 691 3756 Eodem
712 3691 760 3755 El.
781 3691 843 3766 ΙΙΙ,
863 3695 910 3767 9.,
939 3708 998 3771 qua
1019 3689 1210 3754 Maecenatis

132 3781 218 3841 iussa
244 3779 343 3843 laceto
371 3781 426 3843 illo
449 3797 545 3861 eoque
572 3779 743 3857 gratissimo
766 3775 948 3841 adulationis
969 3793 1081 3854 genere
1101 3777 1212 3839 iterato

131 3864 236 3928 eludit.
272 3865 445 3948 Exemplum
461 3867 538 3928 euim
557 3866 702 3944 seipsum
718 3863 830 3926 demini
848 3865 934 3944 sequi
955 3862 997 3924 ait
1013 3861 1055 3936 (u.
1069 3866 1121 3924 21.
1134 3863 1212 3940 22),

132 3953 201 4032 qui,
229 3953 361 4032 quamtis
391 3951 530 4014 Caesaris
556 3951 688 4039 amicitia
715 3968 842 4012 summos
869 3947 1055 4030 reipublicae
1082 3949 1213 4010 honores

128 4035 320 4120 adipiscendi
347 4037 476 4101 facultas
498 4037 558 4099 sihi
583 4037 764 4119 praebeatur
786 4037 854 4115 (23.
873 4036 940 4113 24.)
963 4051 1149 4114 summaeque
1172 4031 1213 4095 ed

133 4141 183 4186 res
212 4123 291 4186 loris
318 4121 469 4203 gerendas
496 4140 569 4204 opes
595 4121 821 4204 suppeditentur
839 4119 1038 4202 (es-26.)‚
1062 4129 1162 4183 tamen
1181 4119 1214 4180 in

134 4209 228 4272 otium
263 4218 356 4273 tutum
384 4208 529 4274 recedere
561 4207 652 4272 uellet
681 4209 748 4288 (27.
768 4206 853 4287 28),
884 4208 957 4275 satis
989 4222 1127 4284 magnam
1155 4204 1215 4267 sihi

133 4294 268 4377 gloriam
295 4305 396 4373 ratus,
424 4312 458 4384 se
483 4295 624 4360 Caesaris
653 4296 780 4357 amicum
803 4293 968 4376 nuncupari
993 4292 1087 4370 (38).
1128 4291 1215 4356 llunc
