2848 4972
246 413 314 478 16,
526 407 741 476 PROPERTII
760 407 824 474 EI..
845 408 891 490 ΙΙ,
914 405 967 476 311.
988 405 1040 476 31.

247 593 280 639 tt
291 577 338 648 Mi
360 598 456 647 nemo
478 578 621 647 obiiciat.
663 579 783 647 Libeat
804 581 883 660 tibi,
906 580 1066 668 Cynthia,
1087 600 1214 651 meeum

332 682 482 750 Roscida
502 684 667 751 muscosis
691 690 787 749 antra
809 691 923 752 tenere
945 688 1044 776 iugis.

289 783 362 855 Illic
383 788 529 872 aspicies
552 787 697 872 seopulis
719 785 859 852 haerere
879 807 1024 872 sorores,

334 885 381 953 Et
402 904 522 954 canere
544 889 670 973 antiqui
691 885 801 953 dulcia
821 888 910 953 furta
931 887 1038 973 Iovis,

293 991 339 1059 Ui
359 989 494 1056 Semela
515 997 569 1056 est
589 991 797 1072 combustus,
819 997 855 1056 ut
876 997 929 1056 est
952 988 1145 1076 deperditus
1167 989 1217 1074 Io,

248 1103 275 1150 Ν
333 1092 487 1180 Denique
508 1101 545 1159 ut
565 1092 608 1159 ad
631 1095 750 1160 Troiae
773 1099 862 1160 tecta
880 1095 1001 1160 volarit
1022 1095 1107 1160 avis.

291 1191 388 1277 Quod
408 1195 439 1260 si
458 1211 553 1259 nemo
576 1199 687 1277 extat,
710 1195 765 1279 qui
785 1195 905 1260 vicerit
921 1194 1022 1260 Alitis
1046 1211 1150 1278 arma,

333 1297 521 1365 Communis
544 1298 660 1383 culpae
682 1315 739 1363 cur
761 1315 839 1362 reus
860 1318 944 1363 unus
966 1293 1075 1384 agor?

291 1401 365 1494 Nec
385 1406 422 1466 tu
443 1401 635 1490 Virginibus
658 1402 846 1465 reverentia
868 1402 1013 1466 moveris
1034 1417 1105 1465 ora:

333 1505 399 1570 Hic
420 1520 550 1588 quoque
571 1521 636 1567 non
658 1505 765 1568 nescit
788 1502 866 1589 quid
887 1506 932 1569 sit
953 1517 1066 1568 amare
1086 1499 1220 1583 chorus,

247 1623 275 1670 aa
291 1604 333 1677 Si
354 1615 463 1672 tamen
487 1603 612 1693 Oeagri
635 1604 797 1691 quaedam
820 1623 1011 1690 compressa
1032 1605 1140 1696 figura

333 1709 494 1776 Bistoniis
516 1709 590 1774 olim
610 1710 747 1794 rupibus
769 1710 931 1775 accubuit.

288 1811 355 1879 Hic
376 1812 432 1876 ubi
452 1827 505 1875 me
524 1813 629 1896 prima
650 1818 798 1878 statuent
818 1813 852 1877 in
872 1818 967 1897 parte
985 1810 1141 1896 choreae,

333 1913 380 1981 Et
401 1911 529 1978 medius
553 1912 652 1979 docta
672 1913 810 2000 cuspide
828 1913 982 1980 Bacchus
1006 1916 1079 1997 erit,

290 2017 374 2084 Tum
396 2014 495 2100 capiti
520 2031 636 2079 sacros
655 2017 763 2100 patiar
784 2013 931 2101 pendere
950 2016 1140 2101 corymbos:

247 2117 1130 2206 mmmmmmwmm

720 2277 849 2352 XXXI.

293 2394 455 2503 Quaeris
462 2457 473 2492 ‚
495 2426 554 2475 cur
574 2410 705 2474 veniam
726 2410 786 2475 tibi
807 2408 940 2476 tardior.
962 2427 1064 2476 arrrea
1084 2408 1213 2478 Phoebi
1254 2478 1261 2493 ,

333 2514 486 2580 Porticus
507 2527 529 2575 a
551 2529 670 2600 magno
690 2510 840 2576 Caesare
860 2518 978 2597 aperta
998 2512 1068 2576 fuit.

289 2620 375 2686 Tota
397 2622 469 2681 erat
487 2617 521 2680 in
545 2617 690 2699 speciem
708 2614 830 2680 Poenis
851 2614 985 2704 digesta
1006 2615 1178 2699 columnis,

333 2721 424 2787 Inter
444 2738 529 2804 quas
547 2717 658 2783 Danai
677 2718 798 2784 femina
818 2719 915 2784 turba
938 2718 1041 2784 senis.

258 2824 371 2894 eTum
392 2821 533 2889 medium
556 2823 645 2886 claro
668 2822 829 2910 surgebat
850 2840 1011 2890 marmore
1033 2820 1201 2909 templum,

332 2925 380 2994 Et
402 2925 511 3012 patria
531 2921 665 2989 Phoebo
688 2926 798 2990 carius
814 2921 970 3012 Ortygia.

287 3029 336 3102 Et
355 3030 418 3096 duo
440 3025 532 3095 Solis
553 3033 648 3092 erant
670 3045 771 3112 supra
792 3027 930 3116 fastigia
953 3045 1081 3110 currus,

313 3209 356 3260 23.
375 3203 405 3257 Si
418 3207 456 3260 H.
473 3219 560 3256 memo
574 3203 612 3257 N.
624 3219 667 3271 pr.
680 3222 715 3256 m.
734 3202 835 3256 obiciat
849 3206 881 3257 G.
900 3204 980 3257 liceat
992 3205 1034 3260 M.
1052 3202 1113 3270 tibi]
1132 3203 1212 3256 modo
1226 3203 1263 3254 H.
1274 3200 1310 3252 M.

242 3299 287 3352 23.
305 3291 405 3345 Rorida
422 3289 475 3346 Hb.
491 3291 525 3342 D.
539 3289 576 3344 N.
589 3292 629 3346 M.
642 3290 734 3354 ¹antria
752 3289 806 3343 Hb.
829 3291 955 3342 detenere
972 3307 1015 3358 pr.
1033 3306 1068 3345 m.
1082 3289 1121 3342 N.
1191 3293 1233 3343 27.
1251 3303 1310 3340 ocu·

244 3384 279 3438 lis
296 3397 340 3449 pr.
353 3395 388 3429 ra.
405 3374 457 3432 Hb.
525 3379 569 3434 29.
588 3380 687 3430 semeio
705 3381 756 3446 3.,
774 3379 856 3430 semei
873 3395 915 3443 a,
934 3379 1033 3430 semele
1050 3380 1103 3444 H..
1120 3379 1221 3430 semeia
1233 3378 1266 3430 D.
1281 3375 1309 3426 V.

243 3474 289 3525 30.
308 3463 476 3528 voracitas..
495 3462 578 3520 volari
595 3480 638 3529 pr.
651 3481 685 3520 m.
696 3463 750 3532 N..
769 3465 870 3516 volaret
887 3462 941 3519 Hb.
954 3480 979 3516 r.
1048 3469 1092 3516 31.
1111 3469 1182 3517 estat
1201 3465 1247 3532 c..
1265 3461 1310 3514 ob·

243 3555 298 3609 ctat
310 3551 347 3604 H.
415 3551 459 3599 32.
480 3543 607 3597 Comunis
625 3545 680 3602 Hb.
760 3551 804 3600 33.
824 3547 882 3599 Nec
905 3551 933 3599 te
951 3544 1065 3610 virginei
1089 3549 1239 3601 reverentia
1255 3561 1309 3597 rno-

241 3635 311 3691 verit
327 3632 381 3686 oris
398 3648 423 3683 v.
435 3645 457 3683 c.
471 3630 558 3694 Pera..
578 3631 646 3682 idem
663 3632 771 3683 Paccius
788 3633 902 3698 morpiai
917 3634 954 3686 11.-
973 3632 1125 3700 adscripsit,
1141 3637 1189 3688 sed
1205 3636 1307 3686 intactis

243 3721 365 3775 editionis
382 3716 477 3770 verbis.
502 3713 608 3767 noveris
627 3719 665 3790 H.
733 3719 777 3768 31.
798 3733 860 3769 num
879 3736 922 3786 a..
942 3733 995 3769 nou
1014 3719 1090 3772 Perr.
1110 3723 1145 3778 H.
1162 3723 1203 3775 M.
1229 3719 1308 3773 nordt

242 3809 281 3859 H.
295 3804 326 3856 V.
337 3804 377 3854 M.
446 3803 490 3856 35.
508 3797 664 3867 comprehsa'
677 3803 727 3869 la,
746 3818 902 3871 comprensa
921 3820 946 3856 u.
961 3819 984 3858 c.
996 3803 1025 3852 P.
1038 3805 1114 3859 Porr.
1181 3813 1225 3861 39.
1242 3808 1308 3859 Tum

242 3885 328 3955 campi
345 3900 388 3951 pr.
406 3901 441 3936 m.
459 3880 513 3936 Hb.
534 3884 673 3935 corumbos
692 3883 747 3937 Hb.
815 3887 858 3941 to.
878 3886 914 3938 nii
933 3886 965 3940 P.
983 3888 1059 3941 Pera.

310 3970 411 4024 XXXI.
445 3969 509 4020 Gom
533 3971 670 4035 superiore
695 3970 824 4036 contempit
842 3970 896 4028 Hb.
967 3978 991 4027 1.
1015 3970 1112 4039 phaebi
1134 3989 1177 4038 pr.
1196 3989 1229 4025 m.
1249 3969 1309 4038 Hb..

242 4057 321 4130 phebi
338 4056 376 4108 N.
447 4057 473 4106 2.
493 4060 587 4122 operta
603 4070 641 4110 r.·
697 4060 723 4107 3.
744 4055 832 4134 'Pania
849 4057 886 4110 N.
904 4055 958 4114 Hb.
969 4058 1002 4109 D.
1015 4061 1052 4111 H.
1070 4057 1101 4108 V.
1117 4057 1157 4110 M.
1171 4060 1222 4123 m,
1241 4057 1308 4108 Ton-

241 4151 295 4198 tam
314 4159 340 4194 o.
369 4138 443 4208 penis
461 4138 499 4190 N.
526 4139 656 4192 columbis
675 4139 712 4193 N.
729 4139 836 4196 Hb.H.
853 4142 888 4196 D.
975 4144 1002 4200 1.
1026 4142 1100 4193 luter
1123 4144 1257 4209 aquarii.
1273 4141 1308 4195 H.

240 4229 268 4282 3.
287 4222 368 4278 clario
387 4222 418 4278 P.
471 4225 498 4274 3.
517 4220 617 4288 patria]
636 4221 734 4275 ciarior
747 4229 785 4278 H.
802 4223 901 4294 carius]
921 4225 1017 4280 clarius
1035 4240 1078 4292 pr.
1090 4241 1124 4280 ra.
1137 4225 1191 4282 Hb.
1238 4229 1263 4278 7.
1277 4222 1309 4276 iit

241 4327 295 4382 quo
316 4312 350 4366 (1.
367 4307 405 4361 Ν.
422 4323 449 4362 r.
468 4304 525 4364 Hb.
541 4306 576 4358 D.
589 4310 644 4384 H..
661 4308 694 4359 In
713 4324 766 4374 quo
785 4309 816 4366 P.
833 4310 927 4382 Per-r„
944 4311 1018 4365 Auro
1036 4327 1063 4365 u.
1080 4311 1102 4380 s.
1120 4311 1153 4368 P.
1158 4348 1171 4379 ,
1199 4311 1234 4366 nt
1250 4301 1308 4362 duo

243 4413 297 4468 quo
317 4397 351 4454 P.
368 4397 427 4448 orat
447 4395 481 4450 11.
498 4391 537 4450 Ν.
555 4394 591 4446 lt.
610 4408 654 4463 u..
672 4399 749 4448 etant
765 4391 822 4453 Hi.
840 4396 870 4455 V.
