2806 4974
336 321 432 390 ,Caput
452 319 485 377 V.
505 319 561 372 bo
581 291 656 378 libris
672 319 806 388 Propertii
823 317 1019 393 uranusmiptis.
1133 309 1212 396 m

309 491 418 558 Vispillo
437 491 491 544 cidi
507 493 625 558 eperunt
642 493 747 546 intorno
764 491 874 550 bouem

308 560 451 627 Gompopoi
468 556 579 610 d''oito
569 563 686 644 rrtyeyoio
703 576 717 612 c
734 563 761 613 di
778 565 903 616 trostollo

305 629 339 680 nt
357 629 414 695 uoti
431 627 474 678 ebe
490 629 618 679 ooiootier
633 626 699 694 pib'l
714 631 808 682 orendo
826 631 893 682 iesse
936 639 939 660 ⁵

304 693 374 748 L'on
390 711 438 747 ero
456 697 547 748 Ouidio
564 711 578 746 e
597 693 688 747 i'ottro
708 713 756 748 ero
775 697 878 750 sibotto

305 761 411 816 Loltro
428 765 619 850 Propertio
638 764 681 816 cite
698 763 799 817 d'omor
816 775 929 822 contero

303 834 500 887 Ferridomcrtte
520 829 643 885 ci’oltro
662 848 709 884 ero
729 834 834 886 Catullo
852 863 887 874 -

130 955 163 1020 bi
192 961 290 1018 autern
316 971 420 1016 uersus
447 953 579 1034 quamde
609 954 696 1016 etiarn
726 969 791 1015 cam
812 952 1022 1020 dubitationem
1046 956 1200 1021 admittant

134 1061 175 1105 an
204 1041 283 1104 iorte
309 1039 399 1102 fando
431 1040 526 1103 solum
555 1039 593 1102 de
621 1041 785 1102 triumuiris
813 1040 875 1103 illis
903 1043 1040 1104 amatorii
1068 1045 1205 1106 carminis

130 1127 327 1209 compererit,
358 1125 510 1208 Propertii
542 1134 639 1188 tamen
671 1125 833 1207 exemplum
863 1136 892 1189 et
919 1130 1057 1191 habuisse
1085 1147 1149 1192 eum
1176 1140 1206 1193 et

99 1263 103 1266 -
129 1214 244 1293 legisse
266 1213 349 1275 testis
370 1210 571 1293 Epistularum
593 1210 632 1273 ad
654 1212 734 1273 uiros
757 1211 899 1293 quosdam
925 1231 962 1276 ex
986 1214 1137 1277 ueteribus
1165 1216 1203 1278 il·
1259 1228 1263 1244 ⁸

129 1300 288 1364 lustriores
309 1297 487 1378 scriptarum
509 1297 547 1358 ad
565 1299 609 1361 M.
624 1297 659 1359 Τ.
674 1297 900 1360 Ciceronemll.
915 1318 944 1381 p
957 1301 1031 1363 rel.
1049 1300 1095 1363 ed.
1107 1301 1201 1364 Basil.

129 1385 251 1450 llenric.
271 1384 352 1446 Petn.
375 1385 469 1448 1554.
490 1383 563 1458 fol„
590 1383 641 1445 ubi
664 1401 766 1445 uersus
789 1385 940 1466 Propertii
960 1386 1076 1466 profert
1097 1385 1142 1448 El.
1160 1387 1202 1463 ,11

131 1476 191 1546 34,
213 1471 265 1534 65.
289 1469 393 1532 ecdem
425 1487 483 1550 quo
514 1485 590 1530 nnuc
621 1467 708 1532 modu
736 1469 876 1566 leguntur
904 1473 1048 1551 scriptos,
1073 1471 1197 1551 quita·

130 1575 198 1620 nren
228 1557 265 1619 ab
296 1555 357 1617 alio
387 1564 536 1632 ueterum,
568 1564 707 1634 qrrantnnr
736 1557 843 1631 sciam,
877 1559 988 1620 serrati
1018 1574 1076 1619 non
1106 1565 1198 1621 erant.

129 1644 195 1708 Neo
216 1643 369 1724 quisquam
390 1641 467 1703 iuter
489 1659 526 1703 ea
543 1641 708 1715 mulcimine,
729 1659 805 1722 quiae
828 1658 946 1703 saeuum
967 1640 1127 1724 aliquando
1146 1660 1201 1724 pa-

63 1765 76 1777 ·
129 1737 205 1792 trem
226 1729 389 1791 Petrarcba
416 1728 481 1808 ipso
512 1727 617 1788 iuncone
643 1727 837 1790 combussisse
865 1727 987 1804 scimus,
1015 1729 1201 1810 Propertium

129 1815 225 1877 luisse
253 1814 357 1893 aliqua
382 1813 516 1875 ueritatis
546 1813 646 1893 specie
669 1815 816 1875 coniiciat.
859 1813 934 1876 Turn
960 1813 1036 1876 enim
1063 1815 1200 1896 prolecto

129 1899 313 1973 Petrarcba,
345 1915 403 1979 qno
426 1899 520 1976 magis
543 1899 621 1960 alter
640 1899 703 1970 ,tali
733 1899 848 1961 iactura
869 1898 973 1962 dolere
994 1916 1053 1962 non
1075 1907 1201 1982 poterat,

130 1987 195 2048 eius
224 1994 332 2067 poetae
360 1985 508 2047 interitum
531 1983 689 2064 deplorare
718 2001 777 2046 non
806 1991 883 2046 esset
909 1985 1034 2062 oblitus,
1063 2003 1148 2067 quem
1171 1994 1201 2048 ct

130 2078 256 2154 propter
283 2070 445 2132 doctrinam
468 2079 497 2134 et
526 2079 650 2150 propter
679 2071 752 2132 ortis
782 2069 954 2151 ingeniique
981 2071 1201 2134 similitudinem

130 2158 273 2238 imprimis
292 2156 422 2236 probare
442 2155 578 2218 debebat.
621 2155 722 2231 Quare
744 2157 853 2234 ambigi
875 2173 933 2216 non
952 2172 1040 2236 posse
1057 2157 1201 2231 existimo,

131 2247 202 2324 quin
225 2242 425 2304 aPctrarcha
448 2251 476 2304 et
505 2241 598 2302 doctis
624 2243 689 2302 eins
717 2243 820 2304 amieis
850 2240 983 2304 redditus
1012 2243 1104 2306 semel
1132 2242 1201 2304 boio

129 2329 190 2391 luci
212 2329 386 2410 Propertius
415 2328 521 2388 iterum
550 2344 607 2387 non
636 2329 776 2406 perierit,
804 2325 858 2388 sed
885 2327 1034 2407 descripta
1061 2326 1131 2390 inde
1152 2343 1201 2388 se-

132 2415 203 2477 dulo
228 2423 257 2476 et
281 2422 449 2494 propagata
476 2429 531 2492 per
552 2411 667 2474 ltaliam
690 2412 889 2492 exemplaria,
915 2413 1035 2494 aliaque
1060 2430 1129 2476 mox
1151 2429 1201 2474 re-

129 2510 211 2564 teetc
233 2499 296 2562 eius
319 2499 427 2562 tanam
454 2497 701 2574 sustentaverint,
730 2497 824 2561 donec
850 2497 904 2620 sub
926 2497 1011 2560 linem
1038 2517 1116 2562 saec
1134 2497 1201 2572 XV.

130 2588 208 2670 typis
232 2586 431 2668 exciperetur.

462 2791 722 2884 vaput
753 2798 808 2867 V.

270 2979 272 2984 .
341 2940 389 2991 lie
407 2936 515 2992 tibris
530 2939 714 3007 Propertii
736 2938 990 3006 manuscriptis.

232 3077 337 3158 Neque
353 3094 426 3140 uero
445 3076 521 3139 banc
540 3085 669 3139 nostram
690 3075 888 3140 tantummodo
908 3076 1106 3138 coniecturam
1124 3089 1202 3150 esse,
1280 3090 1284 3098 ’

132 3163 186 3227 sed
215 3183 276 3226 reru
305 3165 381 3226 citra
408 3180 521 3224 ornnem
550 3162 760 3226 dubitationem
787 3163 915 3243 positam
942 3163 1027 3242 ipsae
1055 3160 1200 3222 librorum

132 3269 219 3325 mss,
251 3250 302 3330 qni
329 3249 493 3311 etiamnunc
522 3257 637 3322 extant,
668 3251 797 3312 rationes
827 3250 900 3310 satis
930 3248 1044 3310 docent.
1089 3245 1200 3322 Quibus

132 3336 301 3400 accuratius
324 3335 490 3416 exploratis
506 3334 671 3396 Alexandri
693 3335 730 3396 ab
748 3334 920 3396 Alexandro
942 3327 1202 3405 narratiunculam,

132 3423 184 3502 qui
206 3420 349 3499 (Geniali.
367 3421 467 3483 Dierr.
483 3419 519 3482 L.
535 3419 574 3482 ΙΙ.
594 3419 667 3501 Gap.
681 3419 719 3483 ll.
735 3439 764 3500 p.
782 3424 854 3484 240.
873 3419 920 3483 ed.
938 3417 1052 3499 Lngd.)
1073 3419 1103 3479 in
1123 3416 1202 3479 colla
1228 3471 1229 3479 ,

132 3511 250 3576 uinaria
271 3507 418 3570 inuentum
441 3505 601 3569 aloriano
622 3507 756 3570 Pontano
779 3506 909 3569 codicem
931 3505 1061 3568 corrosis
1082 3503 1201 3584 paginis

134 3604 164 3657 et
184 3593 352 3655 labentibus
377 3591 485 3654 litteris
507 3591 689 3672 reliquorum
714 3589 840 3654 omnium
860 3594 970 3654 iontem
995 3591 1086 3652 luisse
1107 3588 1201 3652 tradi·

112 3673 197 3754 'dit,
226 3686 437 3741 recantatatarn
466 3676 572 3738 deinde
601 3679 815 3756 aScnligere,
842 3678 982 3752 Heinsio,
1009 3673 1201 3748 Macllaudo,

135 3777 226 3845 atque
255 3765 321 3826 ab
313 3780 379 3844 npso
399 3762 598 3827 Valckenario
625 3765 786 3838 creditam,
813 3765 901 3826 inane
924 3780 992 3825 csse
1012 3771 1202 3823 commentum

134 3850 301 3932 apparebit.
355 3849 448 3915 Recte
479 3849 554 3910 enim
583 3849 675 3911 Laur
703 3849 897 3912 Sentenius'
889 3867 947 3910 nam
974 3847 1100 3909 Pontani
1128 3857 1201 3910 teur-

134 3938 260 4036 poribus
280 3935 422 3998 Pccciani
443 3933 559 3997 codicis
579 3943 610 3996 ut
634 3935 831 4014 uetustissimi
847 3935 1021 3996 mentionem
1041 3933 1125 4005 fieri,
1147 3929 1201 3992 ad-

135 4023 257 4084 monuit.
301 4021 402 4084 'lestis
421 4037 493 4084 vero
515 4020 658 4100 imprimis
687 4037 761 4080 unus
792 4028 837 4081 est
856 4019 1071 4100 Neapolitanus
1097 4016 1202 4091 codex,

136 4110 188 4188 qui
212 4103 293 4170 XIV.
316 4106 465 4170 saeculum
495 4105 573 4190 baud
598 4105 687 4168 dubie
712 4104 836 4168 excedit.
873 4105 1019 4168 Godicum
1040 4120 1112 4167 uero
1133 4101 1205 4162 reli·

136 4211 261 4274 qnorum
284 4193 410 4255 omniunt
434 4202 493 4255 tam
514 4192 644 4270 insignes
667 4190 900 4290 discrepantiae,
925 4200 957 4253 ut
977 4207 1077 4252 omncs
1097 4205 1202 4272 recens

137 4279 251 4344 demum
276 4278 389 4343 intenti
414 4279 501 4342 unius
521 4276 593 4342 libri
619 4277 776 4368 cicatrices
802 4294 885 4354 esse,
911 4292 995 4339 nemo
1015 4291 1143 4355 umqum
1163 4272 1208 4336 sit
