2848 4972
198 392 263 458 loa
506 385 717 461 moinum
737 387 879 470 salv,
902 388 955 460 ll.

241 557 532 633 innaturalem
549 560 646 651 leges
668 578 689 628 a
709 564 874 652 sanguine
896 563 1027 649 lamas,

285 666 339 731 Ne
356 683 488 750 possem
510 665 625 732 melior
643 663 762 733 iudicis
783 684 863 735 esse
884 676 982 736 metu.

245 763 420 848 Quaelibet
440 771 595 832 austeras
616 763 660 834 de
679 785 731 832 me
751 767 838 835 ierat
858 787 942 836 urna
961 770 1120 839 tabellas:

201 881 229 927 ω
286 869 427 955 Turpior
448 886 590 935 assessu
609 888 675 937 non
696 873 759 938 erit
782 871 848 938 ulla
868 891 955 954 meo,
1003 949 1007 956 ,

243 970 306 1039 Vel
328 983 375 1054 tu,
397 989 484 1058 quae
504 971 633 1039 tardam
654 977 795 1042 movisti·
810 977 890 1042 fune
912 976 1073 1065 Cybelen,

286 1072 437 1160 Claudia,
458 1079 597 1144 turritae
615 1095 693 1144 rara
710 1079 861 1145 ministra
883 1077 978 1159 deae,

244 1179 307 1247 Vel
326 1183 388 1260 cui,
408 1185 602 1250 commissos
621 1201 694 1250 cum
712 1183 820 1250 Vesta
841 1189 1033 1269 reposceret
1051 1186 1164 1274 ignes,

286 1283 449 1352 Exhibuit
466 1287 566 1352 vivos
588 1285 751 1352 carbasus
772 1285 849 1351 alba
869 1286 973 1351 focos.

203 1402 230 1448 ιι
248 1389 322 1456 Nec
343 1396 391 1470 te,
414 1388 511 1456 dulce
532 1396 645 1476 capul,
666 1394 773 1455 mater
795 1386 980 1469 Scribonia,
1001 1386 1099 1454 laesi:

286 1490 325 1558 ln
345 1509 398 1559 me
418 1499 576 1559 mutatum
599 1490 676 1579 quid
698 1493 764 1558 nisl
784 1491 855 1557 lata
876 1485 987 1556 velis?

245 1593 408 1660 Maternis
429 1593 547 1662 laudor
567 1592 712 1661 lacrimis
735 1593 892 1679 urbisque
914 1589 1068 1677 querelis,

288 1695 441 1762 Defensa
463 1703 497 1762 et
516 1695 642 1784 gemitu
664 1693 825 1762 Caesaris
843 1709 925 1760 ossa
945 1708 1030 1759 mea.

246 1795 308 1862 llle
327 1817 392 1864 sna
407 1804 487 1866 nata
510 1798 643 1888 dignam
664 1799 796 1863 vixisse
815 1812 961 1862 sororem

205 1916 233 1960 ιι
290 1897 458 1986 Increpat,
479 1905 515 1966 et
534 1898 690 1966 lacrimas
710 1898 853 1964 vidimus
874 1899 923 1962 ire
944 1895 1028 1963 Deo.

246 1999 295 2069 Et
314 2008 426 2070 tamen
446 2004 569 2069 emerui
586 2019 772 2090 generosos
794 2003 903 2067 vestis
924 1998 1076 2082 bonores,

290 2106 364 2172 Nec
380 2122 456 2171 mea
476 2103 520 2170 (le
544 2105 652 2171 sterili
672 2105 762 2170 faeta
783 2105 900 2189 rapina
922 2101 1024 2169 domo.

248 2206 311 2289 Tu,
331 2206 472 2292 Lepido,
493 2212 527 2272 et
548 2213 595 2290 tu,
620 2206 746 2288 Paube,
767 2226 874 2273 meum
894 2212 970 2292 post
990 2206 1061 2272 fata
1081 2205 1245 2290 levamen,

291 2305 435 2376 Condita
451 2321 529 2376 sant
549 2317 665 2378 vestro
687 2311 807 2376 lumina
826 2316 943 2377 nostra
962 2311 1047 2376 sinu.

205 2423 233 2470 ιι
252 2409 402 2479 Vidimus
420 2419 454 2480 et
472 2413 605 2481 fratrem
628 2414 744 2480 sellam
764 2415 956 2502 geminasse
978 2413 1132 2494 curulem,

292 2516 437 2583 Consule
457 2535 520 2603 quo
543 2518 631 2583 facto
652 2524 800 2603 tempore
820 2523 919 2601 rapta
940 2534 1043 2582 soror.

249 2620 347 2700 Filia,
368 2627 404 2688 tu
425 2622 593 2707 specimen
614 2639 778 2688 censurae
798 2627 878 2686 nata
900 2625 1069 2704 patemae‚

291 2725 362 2791 Fac
381 2731 499 2790 teneas
520 2743 619 2790 unum
640 2742 702 2790 nos
723 2725 852 2790 imitata
870 2724 988 2804 virum,

249 2822 298 2893 Et
318 2827 407 2893 serie
427 2826 541 2893 fulcite
560 2843 681 2916 genus:
703 2824 781 2891 mibi
803 2824 921 2909 cymba
939 2823 1063 2890 volenti

208 2944 235 2990 ιι
293 2923 443 2994 Solvitur
462 2930 609 2996 aucturis
631 2934 680 2994 tot
701 2945 776 2993 mea
796 2927 867 2993 lata
887 2928 981 2994 meis·

248 3027 345 3097 llaec
365 3036 419 3096 est
439 3031 571 3097 feminei
591 3049 720 3098 merces
742 3036 891 3098 extrema
910 3028 1073 3115 triumphi,

292 3132 425 3204 Laudat
447 3135 503 3204 ubi
523 3137 692 3204 emeritum
712 3134 818 3202 libera
838 3135 927 3202 lama
948 3151 1073 3225 rogum.

278 3405 323 3458 48.
339 3403 398 3456 Nec
415 3403 451 3454 H.
469 3417 494 3455 r.
513 3399 598 3470 possis
615 3417 640 3454 r.
657 3418 699 3470 pr.
713 3418 746 3458 ιιι.
760 3399 812 3453 ffb.
824 3403 860 3453 ll.
871 3402 914 3468 la,
931 3415 1035 3468 possem
1050 3400 1090 3453 Μ.
1157 3403 1277 3460 sam.

208 3489 275 3546 ulior
293 3488 314 3556 f.
336 3488 368 3540 Ρ.
387 3487 464 3541 Pera.
482 3486 610 3538 adscensu
628 3502 671 3554 pr.
690 3500 725 3543 ιιι.
738 3486 801 3553 iila,
822 3501 946 3540 asscensu
961 3502 984 3539 ι.
1005 3501 1039 3542 ιιι.
1052 3484 1102 3538 ab.
1120 3489 1165 3555 6.,
1183 3505 1276 3542 meau-

208 3591 240 3628 sn
260 3575 301 3626 Μ.
369 3573 412 3626 tl.
425 3569 464 3622 Vs
480 3574 510 3622 tu
524 3568 557 3621 6.
576 3569 678 3634 oybelli
694 3573 738 3638 6.,
757 3569 883 3647 cybellem
904 3571 934 3625 Ρ.
953 3570 996 3638 A„
1014 3567 1134 3622 cibellem
1151 3589 1187 3639 ιι,
1204 3573 1276 3626 cibe·

208 3661 261 3712 lem
277 3658 330 3712 Hb.
409 3659 454 3714 53.
470 3655 521 3708 Vel
538 3651 613 3708 onius
630 3655 701 3708 iosos
719 3655 783 3723 fla,
802 3653 852 3708 Vel
869 3654 944 3708 cuius
959 3671 1032 3706 rasos
1053 3655 1085 3709 Υ.
1152 3661 1278 3713 taetra-

208 3741 289 3794 bonla
305 3759 329 3798 c.
346 3743 381 3798 D.
398 3744 435 3795 Η.
453 3742 493 3792 Μ.
596 3744 639 3793 56.
657 3742 728 3805 quod
745 3757 770 3796 r.
873 3745 917 3796 58.
937 3740 1047 3792 Delicta
1055 3759 1091 3807 ra,
1109 3741 1227 3795 Defensa
1241 3746 1275 3798 D.

208 3827 246 3877 11.
269 3824 299 3880 V.
313 3825 353 3877 Μ.
455 3827 497 3880 69.
516 3824 567 3876 llla
584 3839 658 3874 snam
676 3829 766 3875 numm
783 3823 893 3888 indigna
912 3822 1009 3876 uixisse
1023 3841 1114 3877 sorore
1127 3841 1151 3883 o.
1165 3842 1188 3877 e.
1201 3828 1275 3884 Peru.

208 3915 252 3965 6⁰.
270 3925 330 3961 esse
347 3925 386 3975 ca,
402 3908 442 3961 ire
457 3913 505 3978 la,
523 3908 564 3960 ira
580 3908 620 3960 Μ.
730 3906 1065 3964 ea.Ts-te11b.1tA.
1164 3911 1208 3960 til.
1226 3925 1277 3961 nu-

208 3995 281 4049 mina
299 4011 324 4050 r.
341 3995 377 4044 11.
397 4009 435 4059 ra,
451 3995 552 4046 lumina
569 3993 645 4046 Pare.
655 3994 689 4045 D.
703 3995 734 4048 l'.
742 3995 782 4046 Μ.
800 3997 888 4045 uestra
910 3994 943 4045 6.
1046 3997 1091 4047 6⁵.
1108 3979 1235 4045 curulium
1243 3995 1278 4053 a.

208 4083 252 4133 66.
269 4075 356 4147 rapta]
374 4080 433 4127 rata
449 4092 494 4142 pr.
510 4093 545 4132 m.
563 4074 615 4130 Hb.
717 4079 761 4128 61.
779 4075 894 4143 speciem
909 4091 933 4126 ι.
952 4091 990 4142 aa,
1008 4075 1142 4141 specimen
1156 4076 1232 4128 Para.
1243 4078 1278 4126 D.

208 4165 246 4218 Η.
266 4165 297 4217 V.
315 4165 391 4215 uecta
407 4162 443 4214 R.
463 4177 500 4227 aa,
518 4161 685 4218 malelidi.
706 4162 737 4214 V.
752 4161 791 4216 Μ.
874 4166 918 4215 70.
939 4161 1047 4228 „Solvit
1065 4159 1182 4212 venturis
1201 4161 1280 4212 ulitur·

209 4247 320 4300 solvitur
335 4245 406 4300 baud
425 4244 486 4298 ullis
503 4250 574 4297 stant
593 4262 653 4298 meu
672 4246 728 4298 lata
745 4245 842 4299 malis“
860 4247 940 4303 Pera.
957 4243 1280 4312 proturbabuntur..

207 4331 336 4388 iuncturis
351 4334 404 4400 la,
428 4329 456 4384 in
478 4329 548 4384 caris
566 4331 600 4386 D.
623 4330 693 4385 facta
712 4333 742 4384 Π
766 4331 842 4386 mulis
861 4348 979 4399 omues„
