2806 4974
291 356 380 428 Caput
398 357 437 412 11.
475 358 518 413 De
535 358 688 428 perturbato
704 356 767 414 libri
783 361 893 416 secundi
910 351 990 419 sidtu.
1098 345 1176 424 219

98 527 320 606 Lachmanuus,
338 538 371 592 ut
388 528 509 593 uerbum
527 529 640 598 addere
659 530 780 611 longum
799 531 849 597 sit.
891 531 965 596 llam
985 531 1067 596 nullo
1086 533 1175 600 modo

98 622 206 696 partes
240 622 362 678 coeunt:
396 617 490 692 „lllic
525 618 600 680 enim
629 619 671 696 (u.
703 619 847 700 1-40.)
877 618 1018 700 desperat
1050 631 1197 698 amator,-

100 701 226 782 puellae
246 701 359 763 infideli
381 703 474 778 cedit,
494 695 653 785 Cupidines
675 720 708 765 se
730 704 861 766 omnibns
883 705 1016 785 spiculis,
1037 714 1069 768 ot
1087 723 1175 787 pror-

103 805 165 860 sus
182 797 302 868 pereat,
329 788 480 867 configere
514 791 613 864 iubet;
640 806 716 852 nuuc
747 799 869 870 repente
897 792 992 853 solum
1021 808 1056 852 ac
1085 792 1175 856 viduo

103 882 173 935 toro
195 874 339 936 uicturum
366 893 399 936 se
429 891 495 937 esse
523 874 696 957 promittit.“
745 874 857 938 Eodem
886 876 974 939 modo
1000 878 1176 940 nouissimos

101 958 151 1023 El.
177 963 227 1022 13.
255 978 358 1022 versus
385 960 584 1041 (oo—58.),
614 959 654 1023 ad
682 959 813 1041 priorem
841 962 904 1024 eius
935 961 1073 1025 carminis
1101 981 1175 1044 por·
1247 981 1264 1000 ’ν
1364 939 1380 996 ,'

100 1054 164 1109 tem
185 1061 308 1126 prorsus
329 1062 388 1107 nom
409 1047 576 1128 pertinere,
597 1047 642 1110 ita
663 1064 717 1108 nos
739 1046 910 1110 confidimus
930 1048 966 1110 L.
984 1047 1023 1110 11.
1047 1048 1119 1131 Gap.
1138 1049 1175 1114 V.

102 1131 371 1206 demonstravisse,
392 1141 425 1196 ut
449 1139 511 1197 tuto
534 1132 574 1196 ad
595 1150 659 1197 eam
681 1131 916 1213 disquisitionem
941 1133 1083 1199 lectorem
1105 1152 1176 1216 pos-

104 1218 199 1280 simus
224 1218 378 1296 ablegare.

210 1303 294 1365 lianc
315 1312 413 1376 autem
433 1302 687 1385 perturbationem
707 1321 772 1366 cum
792 1303 852 1365 iam
872 1312 931 1367 tum
953 1304 1176 1368 animaduertis-

104 1405 186 1465 sem,
215 1405 273 1469 quo
301 1397 434 1470 tempore
463 1388 501 1452 dc
529 1390 688 1452 carminum
710 1388 816 1452 ordine
844 1389 882 1452 ad
905 1400 1002 1454 certos
1034 1408 1177 1454 annorum

102 1474 180 1536 lines
202 1475 370 1537 reuocando
390 1473 518 1538 noudum
540 1492 695 1556 coeperam
716 1476 865 1554 cogitare,
888 1475 942 1538 las
963 1477 1037 1539 duas
1059 1478 1177 1539 laceras

103 1570 209 1642 partes
231 1560 297 1622 dum
319 1577 458 1641 comparo
485 1570 515 1624 et
543 1562 711 1624 accuratius
740 1562 873 1637 excutio,
902 1579 961 1624 non
982 1563 1045 1623 siue
1068 1580 1177 1642 magua

105 1665 175 1708 mea
198 1644 394 1709 admiratione
415 1645 493 1721 uidi,
515 1647 685 1710 coniunctas
706 1649 852 1725 integrum
875 1656 904 1709 et
926 1647 963 1708 ab
986 1649 1064 1709 omni
1090 1656 1177 1728 parte

105 1730 234 1793 solidum
250 1732 377 1810 elicere
396 1749 530 1808 carmen,
556 1734 639 1794 cuius
660 1733 717 1795 hoc
739 1741 816 1794 esset
843 1741 1059 1812 argumentum:
1082 1734 1177 1798 Poeta

102 1826 261 1900 postquam
282 1818 383 1882 sidera
406 1826 435 1882 et
455 1820 624 1881 matutinam
652 1819 787 1899 pruinam
815 1818 886 1880 idei
915 1828 1084 1883 constanter
1111 1836 1176 1882 ser-

105 1913 195 1967 votae
222 1912 313 1967 testes
347 1903 519 1980 aduocauit,
549 1906 582 1966 iu
608 1915 759 1988 posterum
789 1904 912 1968 eaodem
938 1905 1024 1968 fidem
1053 1907 1178 1987 omioao,

105 1991 240 2071 quemuis
262 1990 405 2064 inimicae,
425 1991 635 2072 praestiturum
657 2010 690 2054 se
707 1992 861 2072 promittit.
903 1991 987 2054 Nihil
1008 2009 1040 2054 se
1061 2002 1177 2072 optare,

106 2076 167 2138 nisi
188 2084 221 2140 nt
247 2075 351 2140 riualis
371 2094 427 2157 pro
449 2085 557 2139 conatu
579 2077 795 2140 abalienandae
820 2077 940 2158 puellae
959 2093 1085 2157 poenam
1107 2079 1177 2140 sub-

106 2171 167 2225 eat.
210 2162 275 2225 Ηοο
303 2162 395 2242 igitur
414 2163 602 2227 uehementer
624 2182 657 2227 se
678 2164 755 2227 uelle
778 2163 837 2238 ait,
865 2172 912 2237 ut,
941 2162 1039 2225 media
1065 2165 1177 2244 puella,

105 2256 233 2313 mortem
251 2249 368 2310 alterne
384 2267 471 2312 moon
489 2251 547 2310 sibi
572 2249 698 2312 inuicem
717 2249 847 2311 inferant
864 2249 926 2325 (iil.
944 2253 980 2323 9,
999 2251 1177 2327 cll—tem

105 2353 196 2416 quom
217 2343 250 2397 ut
276 2335 379 2415 primis
408 2335 492 2396 anuis
520 2336 675 2411 subiisset,
704 2342 806 2415 optat,
836 2351 895 2414 quo
918 2335 1012 2398 multa
1038 2335 1176 2415 prolecto

106 2420 177 2483 dira
203 2418 356 2500 effugisset
377 2417 452 2498 (13,
472 2421 649 2499 43-10.).
691 2421 731 2482 At
758 2421 832 2482 hauc
860 2429 940 2484 certe
962 2423 1103 2501 gratiam,
1130 2422 1176 2484 in·

107 2509 182 2588 quit,
203 2507 275 2568 milri
295 2505 450 2581 concedes,
470 2505 503 2567 u't
518 2505 643 2572 Veneris
662 2505 796 2586 exemplo
819 2506 954 2568 omissum
972 2507 1084 2570 defleas
1104 2508 1178 2569 ami·

106 2611 190 2670 cum,
212 2594 343 2673 quamuis
364 2592 438 2654 nihil
456 2590 586 2654 lacrimis
608 2592 666 2655 tuis
687 2592 860 2673 proiectura
881 2590 922 2664 (r.
941 2594 993 2655 bl.
1014 2592 1053 2654 ad
1072 2591 1148 2672 fio.).

218 2680 326 2744 Verum
354 2679 428 2740 haec
456 2685 489 2740 nt
515 2696 570 2758 per
599 2695 631 2740 se
658 2678 739 2742 leuia
765 2676 848 2739 casui
875 2677 1003 2740 fortasse
1029 2678 1177 2757 originem

106 2763 219 2827 debere
246 2765 443 2840 adducamur,
470 2772 569 2826 tamen
596 2765 623 2826 si
649 2765 764 2838 omnia,
793 2779 869 2845 quae
896 2762 934 2824 de
955 2763 1003 2826 El.
1026 2768 1076 2828 lt).
1101 2765 1176 2826 scri-

104 2853 225 2934 ptione,
255 2851 292 2914 de
320 2853 420 2913 aliauo
446 2849 783 2930 El.12.argumeuto,
817 2847 856 2910 de
883 2857 1079 2930 praepostera
1103 2849 1178 2912 libri

107 2938 189 3001 tertii
217 2937 494 3000 commemoratione
514 2936 575 3015 (El.
599 2941 657 3011 13,
679 2937 762 3013 21),
789 2951 877 2997 cruce
897 2937 956 2997 ista
975 2936 1177 3016 interpretum,

106 3024 145 3086 de
166 3032 366 3104 postumornm
395 3040 517 3103 operum
545 3021 676 3086 editione
697 3019 785 3084 modo
810 3022 1003 3102 protulimus,
1028 3023 1102 3084 haec
1123 3040 1178 3083 au·

107 3119 167 3173 tem
196 3111 294 3172 omnia
321 3111 349 3171 si
375 3109 566 3188 colligamus,
594 3116 699 3190 sponte
724 3123 820 3190 paene
845 3107 929 3170 nasci
949 3106 1085 3171 uideatur
1106 3124 1178 3170 con·

106 3198 239 3271 iectura,
274 3212 350 3277 quae
383 3213 495 3257 omnem
525 3196 600 3257 hauc
632 3195 713 3257 litem
741 3192 833 3255 facile
860 3202 1026 3274 componet.
1077 3192 1176 3258 Gredo

110 3282 189 3345 euim
215 3299 285 3357 eos,
312 3282 417 3362 quibus
448 3281 629 3343 edendorum
648 3279 801 3360 Propertii
826 3294 949 3358 operum
975 3288 1178 3360 postumornm

110 3385 183 3430 cura
206 3369 381 3447 contigerit,
402 3385 594 3448 quaecuuque
615 3364 766 3446 indigesta
788 3373 876 3445 atque
897 3383 953 3446 per
974 3367 1072 3428 uarios
1095 3365 1179 3429 codi-

111 3454 199 3518 cillos
234 3455 371 3537 dispersa
402 3455 597 3528 inuenissent,
629 3453 661 3514 iu
687 3470 775 3514 unum
808 3453 907 3532 quarti
939 3450 1010 3515 libri
1041 3452 1178 3515 volumen

111 3541 260 3620 coegisse.
302 3541 378 3605 lliuc
400 3541 463 3601 eius
484 3540 556 3601 libri
574 3546 633 3600 tam
652 3539 751 3600 uarius
773 3544 802 3599 et
821 3555 917 3617 paene
936 3539 1053 3602 oentoui
1074 3538 1179 3600 similis

110 3636 260 3709 aspectus.
317 3624 389 3688 Gom
423 3642 494 3688 sero
527 3624 673 3705 quaedam
706 3623 998 3700 animaduertissent,
1034 3642 1111 3704 quae
1147 3633 1181 3688 ut

110 3722 221 3797 aperte·
238 3711 276 3775 ad
298 3715 463 3793 praeterita
484 3712 593 3772 amoris
616 3720 752 3790 tempora
771 3710 970 3790 pertinerent,
995 3711 1040 3772 ita
1061 3710 1182 3773 dicendi

109 3817 224 3881 genere
247 3807 277 3861 et
304 3799 427 3861 materie
449 3797 639 3877 reliquorum.
661 3795 804 3857 librorum
826 3795 1182 3860 carminibus·simillima

111 3894 211 3950 essent
239 3881 284 3961 (id
307 3881 386 3964 quod
414 3882 451 3944 de
472 3883 519 3946 El.
537 3882 588 3958 iv,
607 3884 639 3946 8.
660 3899 844 3962 nequaquam
865 3880 976 3958 ualet),
1003 3881 1050 3944 his
1073 3885 1182 3958 locum,

111 3988 171 4054 quo
193 3971 345 4051 aptissime
367 3969 602 4043 collocarentur,
625 3967 798 4048 quaesiisse.
843 3967 877 4028 lu
900 3968 1063 4048 exemplari
1084 3978 1183 4033 autem

109 4065 221 4140 poetae
241 4045 442 4139 αὖοογράφῳ
464 4055 544 4117 circs
563 4070 681 4116 carmen
701 4051 844 4115 decimum
861 4061 890 4115 et
907 4052 1090 4117 undecimum
1112 4071 1183 4136 spa·

110 4146 183 4209 tium
206 4139 391 4204 offenderunt
411 4157 552 4215 uacuum,
573 4157 631 4221 qno
651 4139 793 4220 temporis
814 4139 1018 4216 interuallum,
1035 4139 1115 4221 tpuod
1137 4141 1184 4201 in-

111 4240 159 4294 ter
177 4237 332 4310 utramque
351 4227 424 4289 libri
443 4235 559 4309 partem
576 4223 820 4288 conscribendam
837 4225 1070 4303 intercessisset,
1091 4225 1184 4304 signi-

113 4315 263 4380 ficaretur.
305 4313 385 4390 lluc,
408 4329 486 4394 quoe
505 4311 616 4378 laceris
643 4309 735 4376 scidis
757 4311 902 4395 inscripta
921 4329 1026 4394 porum
1050 4316 1184 4393 congruo
