2822 4976
224 331 303 416 246
556 346 751 408 Quaestionum
768 347 851 404 Liber
871 346 976 404 tortian

229 541 318 606 quern
338 521 495 589 Valentiae
515 521 662 588 (lanarum
682 541 702 586 1
720 520 842 586 (1111111
865 532 1016 606 acceptum
1038 523 1209 588 recensioni
1231 539 1310 588 suae
1409 541 1410 544 ’

228 627 264 674 11
286 610 457 674 adhibuisse
483 611 549 692 ipse
568 609 709 690 Scaliger
729 619 833 674 narrat
855 608 989 690 Castigg.
1011 611 1041 672 io
1062 609 1154 694 Prop.
1175 629 1206 693 p.
1230 614 1308 676 168.
1409 687 1410 694 ¹

229 699 304 761 179.
349 698 410 760 Sed
430 715 467 760 11
492 696 729 762 coniecturarum
750 697 868 779 quidem
894 706 1030 779 expertes
1053 715 1105 760 eas
1126 707 1212 760 notas
1237 715 1307 760 esse

229 781 425 859 crediderim,
446 784 473 846 si
494 784 612 863 quidem
637 784 712 845 locis
735 784 856 846 induitis
879 801 937 846 coa
958 784 1083 864 simplex
1102 785 1222 847 uerbum
1249 783 1307 846 sed
1409 841 1410 862 ,

230 869 383 951 adscripto
416 869 515 945 ‚,rel“
538 871 664 951 positum
687 877 746 944 est,
774 869 917 934 interdum
941 872 1029 932 etiam
1051 871 1125 946 111,
1153 879 1185 934 ut
1211 871 1258 933 at.
1280 870 1306 947 1,

230 959 359 1030 2,16.:
390 955 805 1019 Telairauelllaira.
859 956 1306 1038 ercdquidemcertolioct
1409 977 1410 1004 ι

228 1041 380 1105 offirmare
403 1042 441 1105 de
462 1043 500 1106 iio
523 1042 746 1124 discrepantiis,
766 1043 817 1104 ubi
838 1061 894 1124 pro
917 1052 988 1109 ncta
1009 1043 1042 1105 S.
1060 1044 1178 1124 plenius
1200 1042 1306 1108 Scal.
1409 1069 1410 1108 ι

228 1129 370 1208 scriptum
395 1137 456 1204 est,
480 1138 510 1192 et
532 1128 568 1192 de
590 1129 628 1192 iis
654 1130 909 1204 adnotationibus,
938 1147 1033 1211 quae,
1061 1131 1156 1210 primo
1179 1131 1305 1209 potissi·

228 1230 306 1276 mum
327 1215 422 1292 libro,
445 1233 532 1278 maru
554 1216 655 1277 subtili
681 1225 711 1278 et
731 1215 840 1291 nitida,
866 1217 956 1294 longe
979 1217 1016 1278 ab
1037 1215 1151 1278 lleiusii
1174 1217 1305 1294 diuersa,

229 1300 335 1363 allitae
355 1303 386 1362 iu
416 1301 520 1364 codem
549 1301 711 1384 exemplari
738 1303 887 1380 leguntur.
931 1302 987 1364 llic
1014 1303 1089 1363 euim
1116 1303 1304 1364 coniecturas
1409 1347 1410 1376 ,

228 1404 249 1448 a
269 1386 428 1468 scaligero
448 1389 507 1452 iam
530 1389 561 1449 in
588 1389 719 1451 editione
743 1390 882 1451 Parisino
909 1399 1070 1469 occupatas
1097 1389 1203 1450 iterum
1231 1406 1304 1469 prc-

227 1475 341 1553 positas
369 1476 479 1555 passim
507 1476 650 1538 inuenies.
702 1474 839 1537 Ceterum
863 1474 912 1538 uel
941 1475 1191 1538 Guiccianum
1220 1475 1304 1537 codi-

227 1573 307 1635 cem,
330 1563 462 1640 qcamuis
485 1580 504 1623 a
524 1560 612 1624 docto
635 1563 752 1623 bomine
776 1562 1000 1642 interpolatum,
1030 1571 1142 1638 tamen,
1164 1563 1303 1641 quoniam

228 1661 293 1707 cam
319 1658 502 1710 serratorum
531 1647 613 1710 nullo
640 1647 800 1710 identidem
829 1649 997 1728 conspirat,
1022 1665 1119 1728 neque
1147 1647 1184 1708 ad
1211 1649 1303 1711 ullam

226 1729 371 1795 familiam
390 1733 491 1812 redigi
512 1743 625 1813 potest,
646 1731 791 1797 interdum
812 1734 975 1815 praebere,
996 1751 1072 1812 quae
1092 1733 1170 1795 band
1190 1743 1302 1797 temere

228 1835 370 1898 spernas,
393 1830 622 1882 cousentaneum
645 1830 698 1885 est.
741 1820 847 1901 Itaque
870 1821 917 1883 ΕΙ.
934 1821 978 1895 11,
997 1822 1048 1894 28,
1066 1823 1118 1882 13.
1141 1821 1194 1882 sub
1216 1823 1303 1884 unius

226 1903 314 1966 buius
342 1906 465 1984 litteris,
487 1908 620 1988 quamuis
649 1906 815 1977 manifesto,
828 1906 933 1983 falsis,
961 1923 1063 1969 uerum
1084 1905 1182 1968 latere
1204 1909 1303 1990 suspi-

226 1990 288 2054 cati
309 2009 418 2055 sumus.

327 2075 373 2138 De
400 2078 601 2140 Burmanni
630 2087 727 2141 autem
754 2076 858 2139 codice
887 2076 1032 2154 altero,
1058 2079 1304 2156 Asbewiaro,

226 2159 458 2238 Harleiano,
485 2164 708 2228 Memmiauo
735 2164 916 2236 Passerem,
943 2165 1087 2227 Mureti
1112 2165 1238 2246 denique
1262 2166 1303 2228 li·

147 2279 150 2286 ·
225 2245 282 2309 bro
312 2251 514 2312 recentissimo
542 2252 725 2314 11111111
754 2267 807 2312 cur
832 2251 1023 2313 Lachmanno
1058 2251 1220 2331 obloquor,
1250 2253 1304 2332 qui

225 2333 302 2396 nibil
332 2334 397 2398 lere
426 2337 496 2398 boni
520 2355 558 2399 err
586 2338 639 2413 iis,
667 2339 724 2398 nisi
748 2337 864 2418 aliquot
885 2336 1028 2399 Italorum
1050 2339 1235 2399 coniecturas
1256 2341 1306 2400 in-

224 2421 366 2499 geniosus
395 2422 426 2483 in
453 2424 640 2504 Propertium
669 2421 851 2485 redundasse
880 2423 931 2485 ait.
977 2422 1024 2485 Gi.
1053 2423 1091 2485 ad
1116 2423 1226 2499 1,1a,
1251 2429 1303 2488 17.

226 2507 283 2580 15,
306 2511 358 2571 29.
401 2508 436 2570 11
460 2509 540 2589 quod
569 2509 723 2571 audentius
751 2510 838 2571 etiam
867 2505 903 2569 11
928 2509 1193 2571 Borriobiauo
1223 2510 1303 2573 libro

224 2592 407 2675 proloquor,
435 2596 518 2658 cuius
546 2596 735 2658 collationem
759 2594 879 2656 Graevii
908 2612 1027 2656 munere
1055 2595 1158 2657 babuit
1184 2596 1306 2658 Brouk-

225 2679 343 2755 busius,
372 2681 553 2744 Bronkbusii
581 2701 684 2744 rursus
714 2699 801 2744 manu
832 2681 972 2760 scriptum
1002 2672 1204 2766 ἅπόγραφον
1225 2683 1306 2744 Bur-

224 2761 347 2828 mannus
371 2768 504 2830 ccutulit.
548 2769 632 2830 llunc
662 2769 737 2828 euim
760 2767 868 2829 librum
890 2766 947 2828 fine
970 2766 1082 2828 demum
1104 2768 1216 2828 saeculi
1237 2769 1304 2833 XV.

225 2859 257 2914 ct
278 2860 346 2932 post
367 2853 546 2915 Beroaldum
570 2863 721 2916 exaratum
745 2871 827 2927 esse,
849 2853 962 2915 etalio
984 2855 1076 2916 multa
1099 2855 1250 2928 evincunt,
1272 2863 1305 2918 et
1409 2903 1410 2932 ,

225 2937 307 3018 quod
336 2939 414 3000 iuter
441 2936 630 3002 foedissimas
658 2940 811 3001 cicatrices
836 2956 899 3001 eum
929 2939 1042 3015 locum,
1074 2940 1304 3003 111111111ὶοί-

223 3041 293 3086 nam
322 3024 500 3105 interpretes
522 3025 604 3089 illius
627 3028 735 3088 aetatis
758 3025 826 3088 Itali
852 3026 940 3104 primi
968 3027 1161 3100 inuenerunt,
1183 3027 1228 3101 ll,
1251 3031 1305 3103 24,
1409 3015 1410 3052 ³

225 3111 276 3174 38.
299 3109 359 3171 iam
380 3121 570 3192 personatum
600 3114 727 3174 exhibet.
770 3111 881 3173 Eorum
909 3129 1003 3192 porro
1031 3111 1197 3187 librorum,
1227 3132 1303 3194 qccs

226 3193 457 3259 Gebhardus
487 3197 627 3271 contulit,
662 3215 868 3278 papyraceus,
898 3215 984 3278 quem
1014 3207 1043 3260 et
1075 3195 1305 3261 Palatinum

223 3283 356 3363 priorem
379 3291 408 3345 ct
430 3281 562 3345 codicem
575 3283 752 3358 Palatinum,
773 3283 856 3345 nullo
876 3283 993 3345 adiecto
1012 3301 1145 3358 nurnero,
1169 3285 1307 3366 appellat

224 3367 552 3448 (1111114911.
577 3371 648 3431 188.
675 3371 778 3446 ldie),
808 3369 962 3450 plerisque
984 3369 1077 3445 locis,
1109 3371 1215 3450 quibus
1239 3374 1305 3452 qui-

226 3451 292 3516 dem
322 3453 359 3514 de
387 3453 543 3532 utriusque
572 3455 721 3534 scriptura
748 3456 820 3516 satis
848 3464 980 3529 constat,
1011 3473 1075 3518 curm
1103 3456 1305 3521 Borriobiauo
1409 3451 1410 3456 ’

224 3539 387 3610 consentit,
415 3538 605 3600 creberrimis
633 3541 913 3620 interpolationibus
943 3541 1072 3603 vitiatus.
1117 3543 1306 3624 Qrcamquaru

223 3625 301 3688 lruuc
326 3624 443 3686 vincunt
464 3625 655 3704 corruptione
678 3628 874 3702 membranae,
894 3645 969 3708 puras
987 3628 1164 3690 Palatini
1187 3630 1227 3692 II.
1252 3647 1309 3692 uo-

222 3712 301 3772 mine
324 3709 403 3770 idem
426 3709 599 3772 Gebhardcs
622 3712 787 3789 contendit,
814 3713 899 3792 ipsae
921 3712 1060 3775 cedentes
1092 3713 1171 3776 libro
1195 3716 1307 3778 dom-

224 3814 252 3857 m
265 3795 418 3870 eliano,
442 3813 525 3875 qoem
541 3796 682 3859 Gruterus
705 3817 769 3861 cum
783 3798 944 3861 Gebbardo
965 3802 1200 3876 communicarit,
1221 3801 1264 3865 ita
1286 3821 1306 3864 a

225 3880 314 3941 docto
336 3879 401 3941 circ
424 3881 647 3962 interpolatum,
669 3885 772 3946 utrix
793 3903 919 3965 unquam
941 3883 1014 3946 fides
1037 3887 1064 3946 ei
1088 3889 1127 3948 sit
1154 3888 1304 3950 babendo.
1409 3941 1410 3946 ,

226 3965 406 4026 Grasseri
429 3965 556 4048 denique
578 3968 665 4043 liber,
686 3969 725 4030 ad
748 3989 834 4050 quem
855 3988 1025 4052 expressum
1047 3973 1202 4054 exemplar
1222 3975 1304 4052 Lug·

223 4049 296 4112 duci
318 4053 425 4126 1607,
448 4054 521 4115 satis
544 4056 713 4118 emendatus
736 4066 814 4118 essct
836 4057 1006 4132 hubaudus,
1026 4059 1085 4118 uisi
1107 4069 1304 4134 „ueterem
1409 4051 1410 4070 ³

136 4131 139 4143 '
224 4134 418 4212 codicem,
448 4155 506 4219 quo
536 4141 567 4202 in
597 4137 813 4203 celebrioribus
837 4143 956 4207 Galliae
980 4153 1014 4206 et
1033 4144 1166 4222 Anglicc
1196 4147 1308 4208 biblio·

223 4219 319 4283 tbecis
334 4222 484 4287 meliorem
503 4224 728 4308 deprehendero
745 4245 803 4290 non
824 4230 960 4309 potuisse
981 4231 1049 4305 se“,
1071 4231 1125 4295 ille
1146 4234 1305 4312 gloriatur,

224 4313 277 4370 aut
301 4308 419 4374 omnino
443 4313 630 4394 ementitum,
657 4319 708 4376 aut
733 4314 899 4397 pessimat
926 4331 983 4398 pro
1004 4315 1101 4382 lubito
1124 4319 1164 4392 ab
1191 4319 1306 4383 editore
