2822 4976
417 349 631 426 PROPERTII
652 349 715 416 El.
734 349 779 430 11,
801 348 853 416 21].

102 519 213 586 sNon
234 523 300 585 tam
323 525 481 588 nocturna
501 522 648 590 volueris
669 523 805 590 funesta
826 522 962 610 querela

181 623 297 690 Attica
320 622 493 712 Cecropiis
517 627 679 712 obstrepit
699 628 734 694 iu
755 628 856 710 loliis,

135 726 210 793 Nec
229 732 356 794 tantum
378 731 486 797 Niobe
507 731 560 796 bis
583 745 648 796 sex
670 729 714 796 ad
735 731 835 798 busta
856 729 1001 818 superba

181 827 331 898 Sollicito
352 831 507 900 lacrimas
529 832 643 900 deluit
661 851 683 900 a
703 832 831 920 Sipylo.

138 929 195 998 lile
216 933 294 1000 licet
315 937 440 1002 aeratis
461 938 651 1025 astringant
671 935 806 1004 brachia
825 935 934 1021 nodis,

93 1045 120 1090 ¹⁰
181 1033 258 1102 Sint
279 1055 353 1104 mea
374 1040 429 1106 vel
451 1039 592 1106 Danaes
614 1039 748 1108 condita
769 1040 915 1107 membra
935 1037 1046 1108 domo:

136 1135 177 1205 111
196 1149 231 1206 te
254 1159 319 1230 ego
343 1148 377 1208 et
400 1148 536 1208 aeratas
558 1158 722 1227 rumpam,
743 1159 818 1207 mea
839 1140 927 1225 vita,
948 1148 1098 1226 catenas,

179 1241 352 1311 Ferralam
372 1246 513 1312 Danaes
533 1247 785 1332 transiliamque
807 1244 945 1311 domum.

136 1342 193 1411 De
214 1349 494 1435 tequodeumque
515 1348 558 1415 ad
582 1348 704 1415 surdas
726 1348 804 1415 milri
827 1348 952 1416 «11111111Ι
966 1366 1084 1416 aures:

179 1447 231 1511 Tu
253 1449 348 1516 modo
370 1468 414 1516 ne
435 1448 550 1516 dubita
572 1448 615 1514 de
638 1450 807 1538 gravitate
828 1465 911 1514 mea.

94 1559 120 1604 11
138 1542 229 1614 Ossa
249 1551 308 1615 tibi
330 1552 402 1619 iuro
425 1569 486 1636 per
505 1553 622 1616 matris
644 1557 679 1616 et
702 1569 782 1616 ossa
804 1552 964 1636 parentis,

179 1685 223 1699 -
243 1649 283 1718 Si
302 1652 399 1735 fallo,
421 1656 505 1722 ciuis
527 1652 590 1720 heu
614 1656 659 1720 sit
679 1653 758 1720 mihi
780 1660 917 1740 uterque
938 1654 1073 1741 gravis!
1097 1695 1138 1708 -

134 1748 193 1814 Me
214 1752 274 1818 tibi
295 1753 338 1820 ad
360 1760 528 1822 extremas
550 1772 757 1838 mansurum,
779 1757 868 1837 vita,
890 1756 1063 1823 tenebras:

179 1853 305 1923 Ambos
328 1876 393 1926 una
412 1859 497 1925 fides
521 1860 668 1942 auferet,
690 1877 755 1925 uua
776 1857 862 1926 dies.

136 1952 233 2036 Quod
254 1962 285 2023 si
307 1979 369 2027 nec
390 1979 508 2028 nomen
529 1981 591 2029 uec
613 1970 742 2028 metuo
762 1962 867 2030 torma
889 1969 1028 2047 teneret,

91 2066 120 2110 ²⁰
180 2058 304 2128 Posset
324 2066 495 2131 servitium
518 2069 598 2132 mite
619 2074 734 2133 tenere
762 2073 861 2133 tuum.

137 2156 290 2246 Septima
312 2168 377 2232 iam
400 2169 520 2254 plenae
540 2168 714 2236 deducitur
736 2171 843 2235 orbita
865 2169 975 2253 lunae,

180 2262 261 2330 Cum
284 2263 456 2336 demeat
479 2269 521 2336 de
543 2276 577 2337 te
598 2274 739 2356 compita
761 2271 851 2335 nulla
873 2278 1002 2338 tacent:

135 2365 271 2434 Interea
291 2371 387 2437 nobis
407 2391 473 2438 nou
494 2391 667 2458 nuruquam
689 2376 789 2438 ianua
811 2373 928 2456 mollis,

178 2472 254 2536 Non
274 2492 448 2559 numquam
468 2475 546 2542 lecti
569 2478 662 2560 eopia
684 2477 775 2540 facta
795 2476 852 2540 tui.

78 2585 123 2630 -11
140 2575 215 2640 Nec
236 2575 313 2642 mihi
335 2579 523 2645 muneribus
547 2597 615 2646 nox
637 2579 704 2643 ulla
727 2584 782 2642 est
802 2583 912 2663 empta
934 2578 1060 2645 beatiss

184 2676 347 2765 Quicquid
368 2699 477 2766 eram,
498 2680 561 2748 hoc
584 2676 683 2747 animi
704 2682 815 2770 gratia
835 2696 957 2768 magna
977 2682 1035 2746 tui.

139 2780 221 2849 Cum
244 2791 279 2849 te
299 2791 367 2851 tam
388 2787 480 2852 multi
501 2792 653 2874 peterent
660 2833 671 2869 ,
693 2790 730 2851 tu
752 2801 804 2850 me
824 2801 890 2850 una
911 2785 1043 2870 petisti:

180 2886 323 2954 Possum
345 2907 410 2978 ego
430 2897 570 2957 naturae
591 2909 656 2956 noo
678 2890 869 2978 meminisse
891 2883 995 2952 tuae?

139 2985 223 3053 Tum
245 3007 297 3054 me
318 2991 373 3056 vel
395 2994 549 3080 tragicae
570 2992 705 3057 vexetis
727 2988 914 3075 Erinuyes,
939 2994 973 3054 et
994 3005 1048 3054 me

95 3103 123 3148 11
181 3089 315 3160 lnferno
337 3093 494 3179 damnes,
516 3099 651 3180 Aeaee,
672 3093 807 3175 iudicio,

165 3305 193 3362 ὅ.
212 3309 331 3372 querella
348 3308 403 3363 Hb.
488 3318 515 3368 6.
532 3309 625 3364 Actioa
642 3309 697 3369 Hb.
720 3307 850 3377 cycropiis
868 3305 924 3361 Hb.
1003 3311 1029 3361 7.
1047 3307 1109 3361 Non
1129 3311 1173 3383 7.,

97 3405 149 3444 om.
172 3393 211 3442 H.
238 3391 334 3446 niobae
355 3410 381 3451 r.
404 3398 445 3454 111.
473 3399 604 3466 superbae
631 3399 664 3454 G.
686 3414 712 3449 r.
732 3397 783 3463 D.,
812 3394 927 3463 superbe
952 3392 990 3446 N.
1007 3394 1062 3451 Hb.
1081 3400 1118 3453 H.
1140 3400 1172 3454 V.

95 3477 122 3529 8.
141 3473 240 3527 Solitio
255 3492 299 3542 pr.
317 3494 351 3531 m.
370 3478 425 3533 Hb.
451 3481 592 3534 lacrimans
610 3478 664 3537 Hb.
681 3483 713 3535 Ρ.
731 3497 775 3545 ra,
795 3478 918 3530 lacrimas
937 3477 977 3533 Μ.
997 3477 1111 3546 asiphilo
1128 3483 1173 3552 6.,

96 3558 218 3627 asyphllo
235 3563 273 3615 N.
291 3565 326 3616 11.
344 3564 400 3621 Η1.
466 3572 493 3619 9.
511 3567 622 3636 aerpatis
635 3565 695 3619 ·Η1.
721 3559 887 3628 abstringint
904 3560 975 3631 111..
999 3564 1132 3628 astingant
1147 3584 1173 3624 r.

98 3651 140 3699 11).
166 3646 236 3699 Sunt
258 3648 298 3711 Μ.
323 3650 377 3719 nel]
402 3667 452 3704 neo
469 3654 509 3708 M.
532 3653 615 3704 danes
637 3654 670 3706 11.
689 3654 744 3720 Ν..
772 3653 854 3703 danes
878 3666 903 3704 r.
927 3650 962 3703 D.
989 3651 1068 3701 modo
1090 3654 1123 3707 0.
1142 3656 1174 3708 V.

97 3738 141 3786 ll.
159 3746 209 3794 ego
228 3731 340 3786 ferratas
357 3735 413 3794 Hb.
435 3739 466 3790 V.
538 3743 579 3790 12.
598 3739 680 3791 dairas
697 3741 749 3806 D.,
768 3739 895 3803 damnaes
914 3733 968 3790 Hb,
992 3735 1176 3808 trasiliamqua

97 3819 133 3870 11.
149 3816 206 3883 Μ..
225 3816 406 3887 stasiliamque
427 3823 460 3878 11.
475 3822 528 3890 Ν.,
546 3823 736 3890 staayliamqoe
754 3820 813 3875 Hb.
881 3827 921 3873 13.
940 3820 1067 3872 absurdas
1086 3823 1177 3878 miseri

97 3902 202 3954 dicatur
218 3899 246 3952 in
265 3917 343 3954 aures
363 3905 397 3956 G.
438 3906 444 3913 '
474 3909 515 3962 15.
534 3905 639 3974 inatris]
657 3907 740 3974 patris
757 3909 795 3958 H.
874 3909 917 3957 16.
937 3901 1005 3954 salso
1022 3919 1065 3971 pr.
1084 3923 1119 3959 m.
1138 3909 1177 3962 Ν.

97 3986 151 4040 hau
170 3988 270 4043 011111.
288 3987 355 4041 milri
372 3990 480 4046 111111.
535 3991 669 4048 lationi
691 3993 721 4045 V.
776 3995 820 4043 20.
838 3989 949 4042 Possem
972 3987 1003 4046 V.
1057 3993 1178 4058 2111111-

99 4075 207 4151 1111111.
298 4081 341 4135 23.
365 4096 420 4132 non
447 4097 564 4152 unquanr
591 4081 629 4137 N.
649 4079 705 4136 Hb.
790 4080 834 4133 24.
851 4093 905 4129 non
924 4092 1039 4144 uuquam
1058 4077 1096 4129 N.
1121 4078 1177 4130 lata

98 4181 141 4232 pr.
160 4182 195 4221 m.
212 4163 267 4221 Hb.
343 4170 387 4220 25.
405 4166 452 4219 illa
475 4166 526 4224 Hb.
601 4171 645 4223 27.
669 4169 708 4234 te]
726 4181 769 4218 rna
787 4181 831 4232 pr.
848 4179 883 4216 m.
903 4160 959 4212 Ilb.
985 4161 1051 4231 tam]
1069 4163 1123 4215 iam
1145 4165 1175 4218 V.

100 4255 142 4304 29.
160 4251 239 4304 Tunc
257 4267 298 4316 o.,
317 4250 389 4304 'l'om
407 4253 483 4307 Perr.
505 4254 535 4311 V.
553 4251 652 4306 erloica
669 4252 724 4319 Ν..
743 4250 883 4315 emunydaa
900 4249 954 4316 11..
973 4245 1114 4312 erynnidea
1134 4249 1177 4315 (1.,

102 4336 187 4390 crinea
206 4353 239 4390 ne
258 4355 299 4393 me
318 4335 372 4393 111,
