2822 4976
410 393 624 464 tuoruum
643 395 706 506 ΕΒ.
725 397 771 477 11,
792 395 846 464 23.

569 603 697 681 XXIII

140 752 219 838 Cui
241 771 303 838 luit
323 769 447 839 inducti
469 770 630 862 fugienda
651 769 736 841 haee
757 773 878 841 semita
896 774 1001 866 vulgi,

182 875 262 963 Ipsa
284 879 389 962 petita
409 877 484 944 laeu
505 897 592 944 nune
612 876 691 943 mihi
712 876 818 944 duleis
840 896 927 964 aqna
949 889 1012 948 est.

139 977 308 1066 Ingenuus
331 980 503 1066 quisquam
526 979 664 1046 alterius
687 976 745 1044 dat
767 996 903 1045 munera
925 998 1039 1068 servo,

183 1081 228 1150 Ut
247 1085 411 1169 premissa
433 1100 518 1149 suae
538 1084 643 1149 verba
663 1081 752 1149 ierat
772 1079 949 1149 dominae?

108 1182 188 1252 sEt
210 1189 339 1270 quaerit
361 1188 500 1252 totiens:
522 1184 724 1270 „Quaenam
744 1202 832 1251 nune
852 1188 997 1270 partiens
1017 1187 1107 1256 illam

181 1285 357 1378 Ιηὲθὲἰίῖα
380 1295 413 1356 et
435 1288 590 1375 „Campo
612 1307 675 1375 quo
699 1292 810 1354 movet
828 1288 886 1354 illa
907 1287 1066 1376 pedesl“

138 1391 287 1476 Deinde,
308 1393 364 1458 uhi
387 1391 578 1477 pertuleris,
603 1410 686 1477 quos
709 1389 787 1456 dicit
806 1390 910 1472 fama,
932 1393 1065 1460 labores
1121 1405 1126 1416 ·

181 1495 355 1579 Herculis,
378 1503 414 1562 ut
437 1497 577 1563 scribat:
599 1495 776 1576 „Muneris
799 1493 917 1580 ecquid
938 1494 1098 1564 habes2“

89 1665 95 1673 ,
137 1597 285 1666 Cernere
306 1602 354 1665 uti
375 1602 489 1685 possis
512 1598 636 1665 vultum
657 1595 808 1664 custodis
828 1599 944 1680 amari,

93 1719 121 1762 n
182 1700 311 1789 Captus
332 1708 367 1768 et
388 1699 556 1768 immunda
579 1717 684 1786 saepe
704 1701 810 1766 latere
832 1698 940 1768 casa?

139 1805 246 1888 Quam
270 1821 348 1870 care
368 1804 472 1870 semel
495 1807 528 1870 in
550 1808 617 1869 tatu
638 1820 706 1868 nex
725 1803 865 1868 vertitur
883 1807 985 1870 annu!

182 1907 237 1975 Ah
257 1914 412 1994 pereant,
441 1910 472 1974 si
493 1926 576 1993 quos
599 1907 698 1972 ianua
720 1905 834 1971 clausa
855 1906 964 1972 iuvat!

138 2009 278 2092 Contra,
300 2012 425 2077 reiecto
447 2027 534 2095 quae
554 2009 660 2075 libera
681 2006 776 2073 vadit
797 2008 930 2089 amictu,

181 2103 362 2176 Custodum
385 2116 419 2177 et
438 2110 525 2175 nullo
545 2115 644 2194 septa
665 2108 797 2189 timore,
820 2106 941 2192 placet,

97 2227 125 2272 ¹⁵
143 2212 206 2282 Cui
227 2230 331 2298 saepe
351 2212 514 2278 immunde
534 2210 645 2279 Saura
665 2212 845 2278 conteritur
862 2211 928 2277 Via
948 2228 1060 2298 socco,

181 2319 255 2384 Nee
277 2317 356 2381 sinit
378 2332 458 2381 esse
477 2333 616 2399 moram,
638 2315 670 2379 si
690 2317 765 2400 quis
788 2313 882 2380 adire
902 2313 996 2382 velit.

137 2421 279 2487 Differet
300 2417 385 2484 haee
405 2435 596 2502 numquam,
617 2433 682 2482 nee
700 2421 819 2501 poscet
837 2417 986 2505 garrula,
1008 2417 1095 2504 quod
1115 2424 1150 2488 te

182 2524 351 2589 Astrictus
373 2520 479 2608 ploret
500 2536 605 2605 saepe
627 2517 764 2584 dedisse
784 2523 893 2604 pater,

138 2631 212 2696 Nee
232 2626 335 2693 dicet:
356 2626 515 2709 „Timent
537 2641 678 2710 propera
698 2625 765 2689 iam
786 2642 944 2713 surgere,
965 2641 1107 2711 quaeso:

80 2747 121 2804 au
183 2731 323 2814 Infelix,
344 2729 443 2816 hodie
462 2731 515 2794 vir
536 2727 614 2795 nihi
635 2745 713 2794 rure
732 2728 859 2793 venit.“
891 2717 893 2722 ’

138 2833 187 2904 Et
208 2852 293 2920 quas
312 2830 505 2918 Euphrates
524 2837 559 2898 et
581 2849 664 2918 quas
685 2828 764 2896 mihi
786 2828 877 2895 misit
895 2826 1049 2916 OronteS,

122 2971 126 2979 ¹
180 2937 238 3004 Ille
259 2937 402 3012 inerint:¹
418 2934 514 3002 nolim
533 2935 626 3004 iuria
645 2931 766 3020 pudiea
786 2933 862 3014 tori,

140 3040 297 3108 Libertas
318 3039 471 3124 quoniam
491 3037 571 3104 nulli
591 3038 657 3102 iam
679 3038 787 3101 restat
810 3034 945 3119 amanti,

181 3142 301 3210 Nullus
321 3142 409 3209 liber
429 3141 511 3226 erit,
531 3141 564 3208 si
586 3142 661 3228 quis
683 3155 797 3206 amare
815 3136 916 3204 volet.
941 3137 945 3145 '

168 3397 277 3465 XXIII,
295 3403 319 3453 1.
339 3396 394 3454 Qui
410 3399 447 3454 N.
460 3401 507 3467 1³„
525 3395 617 3466 „Quoi
634 3399 675 3450 uel
693 3394 769 3451 Cui“
788 3371 820 3448 P.
837 3397 866 3448 in
882 3396 1000 3463 eucarpiae
1015 3413 1069 3451 nnn
1085 3399 1173 3454 deletu

96 3481 189 3550 priore
205 3483 347 3548 scriptura.
373 3482 452 3552 haee]
471 3489 499 3537 et
515 3490 552 3541 N.
570 3500 595 3538 r.
614 3486 647 3540 D.
664 3484 722 3549 M,
741 3499 790 3538 om.
809 3487 846 3535 H.
865 3484 896 3534 Υ.
965 3487 991 3536 2.
1007 3489 1049 3537 ast
1066 3502 1117 3540 nm.
1134 3494 1173 3543 N.

97 3573 125 3623 3.
144 3566 256 3634 quisque
275 3584 314 3634 r.,
339 3584 491 3636 quanquam
514 3572 545 3627 V.
614 3572 641 3622 I.
662 3567 804 3621 commissa
821 3568 853 3623 P.
870 3585 912 3635 ra,
936 3569 1068 3636 promissa
1085 3573 1118 3628 D.
1135 3578 1174 3627 H.

12 3667 19 3684 ³
101 3655 134 3705 V.
146 3653 186 3704 M.
256 3655 282 3706 ⁵.
301 3653 337 3706 Ut
354 3656 384 3707 V.
403 3654 485 3723 idem,
503 3657 635 3708 sedeorr.
651 3672 694 3723 pr.
709 3672 743 3710 m.
760 3656 787 3707 tn
804 3653 876 3707 illam
891 3657 929 3708 N.
997 3657 1024 3710 8.
1042 3655 1085 3724 ut]
1105 3662 1133 3711 et
1149 3676 1175 3716 r.

98 3737 207 3805 etquid
228 3739 260 3794 G.
276 3754 301 3796 r.
317 3737 386 3807 Ha,
409 3756 424 3792 a
442 3741 506 3808 qnid
524 3742 556 3794 P.
574 3757 619 3809 a,
646 3739 741 3808 ecquid
759 3742 793 3793 D.
808 3744 845 3792 H.
866 3741 907 3792 V..
972 3745 999 3796 9.
1018 3743 1134 3797 custodit
1150 3761 1176 3802 r.

97 3823 172 3878 avari
189 3840 232 3892 ra,
250 3825 334 3892 amari
355 3827 438 3882 HI.
492 3832 533 3880 10.
552 3827 580 3879 in
598 3828 695 3880 munda
714 3844 754 3896 r.,
771 3827 899 3880 inmunda
916 3831 951 3884 N.
962 3825 1015 3884 Hb.
1070 3838 1112 3888 11.
1129 3848 1175 3886 ca-

99 3925 145 3962 rae
164 3912 197 3961 D.
219 3911 328 3963 vertarit
347 3914 380 3968 G.
447 3917 488 3965 12.
508 3914 552 3964 Ha
568 3911 622 3968 Hb.
639 3913 662 3966 si
681 3931 732 3965 nur.
753 3915 782 3970 V.
800 3913 892 3964 iuvant
909 3929 952 3980 pr.
970 3917 1006 3969 N.
1068 3919 1109 3969 14.
1131 3919 1176 3971 tu-

99 4009 174 4046 more
187 4010 226 4061 ra,
245 3993 339 4046 timore
350 4002 387 4049 H.
402 3998 432 4047 V.
442 3999 485 4049 M.
494 3999 528 4053 Il.
581 4001 622 4049 15.
636 4011 756 4049 sacra-
769 4013 846 4050 socco
861 4013 909 4052 orn.
919 4001 957 4054 H.
1011 4004 1052 4053 16.
1063 4000 1117 4052 sint
1129 4003 1173 4071 6.,

99 4079 163 4133 sivit
180 4081 214 4135 D.
290 4085 332 4135 17.
351 4081 449 4133 Differt
466 4087 503 4138 Η.
521 4099 546 4135 r.
569 4080 603 4150 fid
623 4083 730 4147 giraula
748 4079 811 4148 (sie)
829 4079 902 4148 Illa,
928 4085 1022 4145 garula
1039 4099 1082 4150 a.‚
1109 4099 1173 4148 gar-

97 4167 157 4216 rula
173 4166 206 4221 D.
224 4181 292 4230 quae
311 4172 338 4219 te
354 4169 390 4217 R.
406 4182 444 4234 ra,
463 4168 533 4235 quod
554 4174 581 4221 te
603 4169 632 4223 V.
644 4171 687 4219 M.
748 4171 789 4221 18.
809 4169 948 4219 Astruetns
961 4171 1006 4220 M.
1063 4173 1172 4222 21911-

96 4248 217 4316 phratres
238 4253 270 4309 G.
339 4256 382 4307 22.
403 4253 449 4307 Me
465 4253 582 4308 iuverint
599 4253 699 4312 Nilne.
716 4254 763 4322 n..
791 4253 897 4322 capiant
922 4255 1031 4324 reliqui,
1053 4261 1083 4306 ui
1100 4255 1172 4308 uide·

95 4341 156 4405 tur,
174 4352 271 4391 purnes.
