2834 4972
235 332 285 411 18
555 345 748 404 Quaestionum
768 345 849 400 Liber
866 345 975 416 primns.
1049 359 1051 366 ’

232 521 409 604 Propertius
422 517 592 602 patrimonii
613 520 660 583 sui
679 521 807 596 maxima
826 529 913 603 parte
932 523 1064 603 priuatus
1080 529 1133 598 eat,
1151 528 1307 603 postquam
1392 525 1393 530 ’

234 609 338 693 paullo
367 616 457 670 anteo
475 615 562 689 pater
590 605 728 672 decessit.
771 609 905 688 Namque
926 610 1099 691 llorolcgus
1121 608 1183 684 (El.
1205 609 1256 684 IV,
1279 613 1307 686 l,

238 698 326 775 tae.)
348 693 413 758 1616
433 701 541 776 poetae
564 710 708 758 enarrans
728 694 803 758 baec
824 695 883 759 ait:

411 810 528 878 Ossaque
545 810 629 878 lepisti
645 811 763 865 6661116
780 817 868 863 aetate
885 811 992 878 lepeuolo

441 880 551 944 Putris,
567 887 593 932 ct
608 885 637 932 tc
653 886 775 932 temutes
791 882 924 946 coperia
940 881 998 948 ipse
1016 880 1135 932 iures:

409 947 482 999 Nom
499 953 546 999 tuo
563 963 620 1001 cmm
636 949 712 1000 molti
730 954 868 1018 uersarent
885 964 953 1000 roro
971 950 1080 1018 iuuenci,

443 1016 559 1069 Abstulit
575 1017 696 1070 occultos
710 1019 846 1086 pertico
862 1018 950 1070 tristis
966 1033 1039 1086 opes,

118 1079 121 1084 -
241 1119 355 1202 etipse
374 1119 419 1198 11,
441 1117 598 1185 att-35:

412 1237 523 1305 Adspim
540 1251 594 1305 me,
616 1237 657 1288 cci
672 1252 759 1316 poteo
778 1237 849 1288 dome·
863 1237 973 1304 sumuoo
988 1237 1126 1302 relictio
1142 1209 1201 1294 661.

241 1361 309 1442 Qun
335 1360 366 1422 iu
394 1377 429 1422 re
457 1368 540 1423 recte
562 1359 702 1422 Burtbius
723 1357 931 1424 animaduertit
960 1357 1014 1435 (orl
1039 1377 1147 1424 anuum
1169 1364 1240 1426 713.
1261 1363 1312 1426 611.

240 1447 347 1534 Prop.)
369 1447 461 1525 louge
486 1444 575 1508 aliter
596 1446 652 1507 buo
673 1444 710 1507 66
734 1444 819 1508 61666
838 1446 1034 1528 Propertium,
1056 1458 1159 1530 utpote
1180 1450 1230 1529 qui
1253 1459 1313 1512 tum

239 1534 339 1598 iniens
360 1532 457 1596 adhuc
477 1532 592 1604 luisset,
612 1549 698 1611 quum
719 1532 880 1608 Tibullum,
900 1531 1077 1596 adultiorcm
1099 1536 1158 1596 ium
1181 1551 1217 1598 eo
1239 1543 1313 1598 teut-

239 1639 326 1704 pore,
346 1620 429 1700 loqui
453 1619 537 1692 (coll.
551 1617 620 1679 Tib.
632 1616 680 1680 El.
702 1617 726 1693 1,
749 1623 778 1695 l,
801 1619 1019 1695 19—22.1V,
1042 1625 1072 1695 l,
1096 1623 1312 1700 183-190.).

241 1705 329 1785 Quod
353 1715 448 1768 autem
470 1704 540 1766 ideo
561 1703 749 1783 Propertium
770 1704 898 1786 Augusti
923 1714 953 1767 et
972 1706 1157 1770 Maecenatis
1178 1709 1316 1770 liberali-

240 1801 331 1858 tatem
354 1792 477 1853 maxime
499 1789 675 1870 implorasse
698 1789 874 1853 credendum
895 1808 960 1853 esse
982 1793 1063 1867 dicit,
1083 1792 1115 1854 id
1136 1794 1243 1856 uellem
1266 1811 1315 1856 ar·

243 1881 390 1961 gumentia
419 1877 586 1958 probasset.
630 1877 714 1938 Nihil
741 1878 817 1940 euim
839 1877 900 1941 tule
923 1877 992 1957 quid
1020 1897 1057 1942 ex
1078 1879 1134 1955 iis,
1163 1897 1241 1962 quae
1268 1898 1317 1942 re·

244 1972 337 2040 stunt,
364 1963 509 2046 poematis
538 1972 672 2043 apparet.
722 1963 841 2043 Neque,
871 1963 1019 2043 quomodo
1045 1973 1133 2046 puter
1162 1965 1239 2028 diem
1268 1986 1316 2028 su·

244 2067 376 2134 promum
398 2049 535 2123 obiisset,
568 2049 701 2128 quumvis
727 2048 815 2111 ualde
841 2049 872 2112 iu
896 2065 931 2111 eo
954 2068 986 2112 se
1012 2058 1200 2132 torquentes,
1228 2051 1316 2114 intla-

244 2154 322 2218 gnre
349 2142 508 2218 potueruut
527 2135 589 2200 vv.
609 2133 674 2198 bu.
717 2133 850 2211 Etenim,
879 2153 964 2216 quem
984 2137 1130 2200 Perusina
1157 2137 1243 2201 clude
1267 2156 1315 2202 oe-

244 2222 354 2286 cidisse
375 2221 571 2302 propinquum
594 2238 676 2282 suum
698 2230 809 2297 narrat,
831 2229 944 2303 putrem
965 2222 1068 2298 luisse,
1088 2225 1137 2287 vix
1159 2225 1316 2306 quisquam

245 2307 499 2372 demonstraverit.
541 2307 624 2369 llunc
646 2307 736 2383 euim,
759 2326 844 2389 quem
864 2318 933 2370 ante
955 2327 1097 2388 agrorum
1119 2309 1317 2392 diruptionem

245 2402 391 2458 mortuum
413 2411 480 2456 esse
505 2392 585 2458 baud
614 2394 739 2455 obscure
761 2403 851 2475 poeta
870 2395 1034 2474 significet,
1060 2396 1203 2459 Perusino
1225 2398 1318 2470 bello,

244 2479 468 2564 quodpropter
487 2477 569 2561 ipsas
589 2480 821 2558 assignationum
839 2481 965 2543 iniurius
986 2491 1094 2545 motum
1112 2500 1178 2545 esse
1195 2491 1320 2558 constet,

244 2569 390 2631 iuteresse
411 2583 470 2628 uon
493 2565 626 2646 potuisse
647 2565 809 2644 colligitur.
852 2565 974 2631 Rectius
1002 2568 1086 2631 illum
1111 2568 1233 2631 eundem
1255 2587 1319 2632 oum

244 2653 335 2804 giobo
358 2668 395 2714 eo
417 2649 599 2733 ererlideris,
628 2649 665 2716 tle
692 2652 776 2715 euius
799 2662 895 2718 morte
917 2654 1008 2719 brute
1032 2656 1222 2736 poematium·
1238 2662 1320 2732 extat

285 2739 347 2817 .1,
367 2741 419 2802 21.
1194 2736 1197 2748 '

349 2823 396 2887 Dc
415 2821 579 2886 studiorum
602 2828 698 2886 eutem
719 2825 839 2898 ratione
857 2831 888 2889 et
907 2823 1006 2902 morlo,
1027 2833 1165 2906 qnantum
1186 2842 1224 2887 ex
1245 2825 1319 2907 ipsis

246 2917 355 2996 poetae
376 2909 494 2992 seriptis
518 2918 547 2974 et
568 2910 710 2992 temporis
729 2911 848 2974 ratione
870 2913 990 2990 assequi
1010 2910 1099 2986 licet,
1129 2919 1240 2973 tuntum
1264 2921 1319 2976 est.
1392 2973 1393 2976 ,

349 3014 564 3082 Prueiormutis
584 3016 661 3079 eninr
680 3016 788 3080 litteris
799 3017 922 3081 Romam
938 3035 1003 3080 eum
1022 3017 1203 3098 impuberem
1224 3016 1321 3082 utlbuc

249 3119 284 3168 66
302 3102 472 3180 contulisse,
492 3110 525 3165 ut
543 3099 581 3164 ad
604 3103 710 3166 artium
729 3103 897 3166 liberalium
914 3103 1097 3166 incumberet
1116 3105 1323 3167 bumanorum-

250 3204 310 3271 que
336 3186 436 3252 studia
465 3185 619 3264 (61.6611.
647 3189 686 3252 bl.
712 3189 749 3251 A.
770 3187 860 3264 Xlll,
886 3192 938 3253 16.
968 3189 1032 3253 (lio.
1060 3188 1098 3252 ue
1126 3191 1179 3254 Or.
1208 3189 1239 3266 1,
1268 3194 1320 3255 16.

249 3292 307 3358 pro
327 3275 458 3339 Murena
477 3289 504 3339 c.
526 3277 578 3338 19.
599 3290 656 3354 pro
671 3274 763 3336 Arch.
780 3279 810 3338 3.
832 3273 952 3338 lleiudl.
974 3274 1136 3339 aulierat.
1158 3275 1223 3340 Sat.
1244 3275 1268 3350 Ι,
1290 3280 1321 3350 6,

250 3363 337 3439 77.),
363 3360 469 3448 quibus
494 3357 661 3441 oppidanos
687 3359 776 3424 ludos
802 3368 864 3424 tum
892 3359 1010 3442 quidem
1035 3361 1163 3424 noudum
1188 3362 1322 3443 petuisse

252 3463 291 3512 ex
306 3446 426 3510 llorotii
447 3452 478 3509 61
490 3445 589 3509 Persii
610 3447 745 3528 exemplo
767 3452 905 3528 apparet,
922 3447 1089 3511 ‘uerisimile
1110 3456 1155 3510 cat
1175 3447 1229 3523 (61.
1246 3447 1321 3510 llor.

251 3533 317 3599 Sat.
330 3531 354 3610 1,
375 3534 407 3609 6,
427 3534 481 3596 76.
498 3530 582 3594 Pers.
596 3532 656 3597 vit
678 3551 727 3615 ap.
747 3530 855 3612 Suet).
898 3532 974 3596 llum
994 3534 1092 3598 statius
1112 3534 1212 3616 posita
1232 3551 1324 3614 prae·

251 3625 334 3684 teneo
351 3617 391 3682 atl
403 3617 535 3682 carmina
553 3617 714 3700 pungenda
734 3635 767 3682 66
782 3618 962 3700 applicuisse
982 3621 1049 3702 ipse
1062 3635 1096 3682 66
1108 3619 1278 3695 retert(lV,
1295 3623 1323 3695 1,

252 3707 327 3770 131.
349 3707 420 3787 sp).
463 3703 512 3767 At
531 3705 607 3767 baec
633 3714 729 3769 antem
755 3703 917 3768 studiorum
937 3705 1024 3768 initia
1050 3705 1076 3768 si
1102 3706 1168 3770 iure
1195 3704 1323 3788 quolam

252 3798 356 3854 uoatm
381 3790 512 3873 priorem
532 3789 606 3854 libri
626 3791 725 3873 quarti
747 3790 825 3872 eleg.
847 3795 876 3855 l.
898 3800 1012 3873 purtem
1033 3810 1127 3874 usque
1148 3790 1187 3854 atl
1205 3811 1248 3856 rs.
1271 3795 1323 3856 70.

253 3876 434 3954 toleramus,
462 3894 549 3957 quam
575 3885 643 3939 ante
664 3874 808 3956 Gyutbiue
831 3893 962 3940 eruorem
988 3879 1129 3960 scripturn
1150 3894 1216 3941 esse
1245 3875 1324 3940 eius-

255 3959 322 4026 dem
347 3962 426 4042 eleg.
446 3980 490 4027 ts.
514 3965 586 4026 tto.
609 3961 697 4026 docet
717 3959 790 4040 (rial.
811 3961 892 4024 iutra
910 3963 979 4026 Lib.
998 3963 1052 4027 lll.
1073 3964 1147 4046 Gap.
1168 3963 1237 4043 ll),
1264 3963 1324 4024 iam

254 4055 316 4112 tum
344 4045 614 4114 Alexandrinorum
644 4056 799 4129 poetarum
833 4047 963 4114 lectione
995 4057 1029 4114 ut
1061 4049 1188 4113 inbutus
1221 4048 1323 4123 tuerit,

255 4132 395 4197 elicitur.
441 4132 477 4197 lu
509 4136 767 4214 grammaticorum
796 4135 872 4198 euim
901 4135 1011 4199 sobolis
1039 4135 1134 4214 (1.1.)
1160 4132 1265 4197 sedulo
1294 4141 1325 4196 et
1392 4155 1393 4160 ¹

254 4219 342 4286 turim
361 4227 391 4283 et
413 4220 518 4300 graeci
537 4227 646 4301 poetae
669 4221 864 4284 versabuntur
889 4229 920 4285 et
941 4221 1166 4304 explicabantur
1185 4218 1324 4298 (Quintil.

253 4306 285 4386 1,
302 4309 340 4387 6,
358 4307 391 4372 b.
419 4305 520 4370 Burm.
541 4305 580 4370 66
600 4305 681 4371 Pctr.
702 4307 779 4373 66.
801 4306 1323 4385 61466166666666166.
1392 4347 1393 4386 3
