2848 4972
443 331 690 408 :rncrnnrn
710 332 773 398 m..
793 279 854 410 111}
879 331 930 400 11.
1179 341 1243 407 roo
1317 311 1319 319 '

212 503 309 576 Ausa
330 503 403 572 lovi
427 510 541 571 nostro
563 503 737 592 latrantem
757 521 924 590 opponere
945 504 1090 592 Anubin,

256 605 304 671 Et
323 608 466 674 Tiberim
485 605 553 670 Niii
573 622 696 692 cogere
716 605 805 676 ferre
826 608 945 689 minae,

212 707 459 796 Romanamque
481 706 591 774 tubam
613 709 785 792 crepitanti
805 708 927 792 peliere
948 712 1061 794 sistra,

255 813 399 880 Baridos
422 821 456 879 et
477 815 583 879 contis
606 818 715 878 rostra
733 811 880 876 Liburna
900 815 1008 898 sequi,
1086 887 1088 892 ³

169 925 197 970 ⁴⁵
214 913 394 1000 Foedaque
413 916 556 1000 Tarpeio
579 915 717 999 conopia
739 910 876 978 tendere
899 933 995 997 saxo,
1037 925 1039 933 ‘

253 1018 332 1085 Iura
355 1019 435 1085 dare
459 1031 493 1085 et
515 1024 645 1084 statuas
668 1021 754 1082 inter
776 1024 811 1082 et
831 1007 922 1084 arma
942 1015 1038 1098 Mari.
1128 1042 1133 1062 ¹

214 1119 299 1202 Quin
322 1142 408 1188 nunc
432 1125 602 1208 Tarquinii
624 1121 751 1186 fractas
770 1122 865 1187 iuvat
885 1139 965 1187 esso
987 1141 1137 1210 securae,

256 1227 396 1293 Nomine
419 1244 514 1312 quem
537 1226 635 1291 simili
656 1227 727 1294 vita
747 1226 892 1312 ‘superba
913 1232 1018 1308 notat,

201 1323 255 1392 ·Si
276 1319 392 1394 mulier
414 1326 571 1414 patienda
590 1323 678 1392 fuit?
701 1345 801 1412 cape,
824 1328 946 1410 Roma,
968 1326 1173 1415 triumphurn,

168 1439 195 1482 ⁵⁰
256 1427 302 1494 Et
323 1430 456 1518 longum
474 1431 627 1518 Angusto
647 1428 745 1493 saiva
764 1446 902 1513 precare
925 1427 1021 1496 diem.

186 1549 187 1552 ’
213 1530 346 1618 Fugisti
374 1539 485 1596 tamen
506 1531 541 1595 in
561 1528 666 1594 timidi
686 1547 778 1618 vaga
799 1531 930 1594 domina
950 1531 1032 1597 Niii:

257 1635 430 1718 Accepere
452 1639 531 1721 tuae
551 1632 689 1698 Romula
709 1633 819 1698 vincia
840 1652 969 1700 manns,

211 1733 357 1802 Brachia
379 1737 531 1820 spectavi
555 1733 662 1801 sacris'
685 1734 842 1803 admorsa
865 1737 1018 1822 colubriS,

256 1837 303 1904 Et
324 1831 457 1904 trahere
479 1838 638 1904 occultum
661 1841 806 1906 membra
829 1844 958 1926 soporis
981 1843 1055 1908 iter.

169 1955 196 2000 m
211 1943 314 2025 „Non
336 1941 413 2026 hoc,
435 1937 559 2025 Roma,
581 1943 628 2009 foi
649 1950 740 2009 tanto
764 1945 823 2009 tibi
845 1947 919 2033 cive
941 1944 1125 2030 verenda,“

256 2045 366 2129 Dixit,
387 2058 450 2129 „et
471 2039 607 2112 assiduo
630 2047 743 2135 lingna
766 2047 896 2133 sepulta
916 2051 1039 2114 mero.“

212 2147 349 2234 Septem
369 2152 447 2217 urbs
468 2151 537 2217 alta
557 2153 666 2238 iugiS‚
686 2157 754 2216 toto
776 2169 860 2236 qrrae
883 2150 1054 2236 praesidet
1074 2153 1156 2240 orbi,

254 2255 431 2321 Femineas
455 2257 561 2320 timuit
583 2256 699 2320 territa
720 2255 829 2320 Marte
852 2256 982 2319 minas.

211 2337 409 2423 Hannibalis
432 2359 537 2442 spolia
562 2365 595 2422 et
615 2359 696 2424 victi
717 2347 914 2422 monimenta
933 2354 1112 2444 SyphaciS,

149 2471 194 2515 ’ω
254 2457 302 2525 Et
322 2456 441 2542 Pyrrhi
464 2457 505 2522 ad
529 2463 662 2524 nostros
684 2457 792 2547 gloria
813 2457 920 2522 fracta
942 2456 1060 2543 pedeS,

212 2559 346 2642 Curtius
370 2561 513 2648 expletis
535 2564 659 2658 statuit¹
672 2563 870 2627 monimenta
891 2561 1035 2646 lacunis,
1113 2569 1115 2574 ’

253 2667 300 2732 At
321 2666 447 2732 Decius
470 2669 574 2743 misso
597 2666 724 2752 praelia
746 2668 833 2751 rupit
855 2683 951 2750 equo,
995 2659 999 2666 ’

210 2768 347 2846 Coclitis
370 2770 543 2836 abscissos
565 2776 709 2836 testatur
731 2771 848 2835 semita
870 2775 1000 2854 pontes,

253 2870 321 2938 Est
343 2875 396 2940 cui
418 2890 599 2962 cognomen
624 2893 743 2938 corvus
766 2872 889 2938 habere
913 2870 1014 2937 dedit.

152 2972 196 3033 'c
211 2975 307 3042 Haec
326 2975 359 3042 di
382 2976 607 3060 condiderunt,
629 2976 714 3042 haee
736 2975 768 3042 di
792 2993 920 3061 quoque
939 2975 1068 3041 moenia
1089 2983 1242 3046 servant:

255 3081 322 3146 Vix
343 3082 458 3160 timeat
478 3083 574 3148 salvo
596 3078 747 3149 Caesare
768 3081 873 3148 Roma
895 3079 1018 3146 Iovem.

236 3320 279 3370 dl.
300 3315 376 3368 Mosa
397 3317 430 3372 6.
448 3316 554 3369 anrrbim
576 3319 609 3371 G.
624 3319 660 3372 Ν.
677 3321 711 3370 R.
726 3319 758 3372 Α.
827 3321 870 3372 44.
891 3315 985 3370 comtis
1005 3316 1054 3383 6.,
1073 3315 1243 3388 concinna,

169 3402 270 3455 cunctis
292 3402 323 3456 V.
359 3402 363 3411 '
395 3403 437 3454 ⁴5.
458 3404 560 3470 trapeio
578 3421 621 3470 pr.
641 3421 675 3455 m.
693 3402 747 3458 Hb.
768 3403 897 3471 canopeia
918 3404 950 3458 6.
972 3403 1004 3454 Ν.
1024 3405 1059 3458 R.
1075 3401 1181 3458 nnn,
1203 3405 1244 3473 V„

169 3502 286 3552 canopea
304 3501 331 3540 a.
395 3488 438 3539 46.
458 3487 521 3538 (iare
539 3485 578 3555 ct]
597 3489 671 3540 daret
690 3506 726 3556 r.,
745 3488 807 3552 dare
824 3489 857 3540 6.
870 3472 903 3554 Ν.
916 3485 970 3542 Hb.
986 3503 1024 3554 ra,
1045 3487 1108 3538 dare
1127 3493 1154 3538 et
1169 3492 1244 3542 Perr.

169 3576 197 3622 et
215 3571 348 3636 posteriore
365 3585 415 3622 om.
434 3571 466 3622 6.
536 3575 578 3624 47:
601 3573 716 3640 tarquini
735 3571 808 3640 Hir„
826 3573 939 3640 tarqnini
957 3573 993 3628 N.
1011 3573 1045 3624 R.
1069 3573 1123 3638 „de
1136 3568 1174 3626 G.
1193 3589 1246 3626 noc

168 3655 295 3708 corrstot“
318 3655 440 3721 boehm„
463 3656 597 3727 ¹'l'nrqnini
622 3676 647 3713 o.
687 3649 691 3654 ⁵
716 3661 759 3714 48.
780 3676 849 3726 qrrae
872 3659 922 3726 Ν.,
952 3673 1017 3724 qrras
1044 3662 1079 3713 H.
1109 3665 1183 3710 notet
1205 3663 1244 3713 H.

139 3775 141 3784 .
167 3741 210 3792 49.
230 3741 266 3792 Et
283 3743 319 3792 H.
342 3739 388 3805 V„
410 3739 462 3790 Sed
483 3741 527 3793 M.
552 3741 679 3805 rapienda
697 3746 741 3794 M.
760 3748 848 3809 captet
869 3745 906 3800 H.
975 3744 1018 3796 50.
1037 3742 1245 3806 tongumrrff.

167 3828 211 3876 51.
230 3823 325 3876 tumidi
339 3826 376 3875 H.
392 3824 422 3880 7.
434 3825 477 3879 M.
495 3819 562 3874 rada
574 3823 716 3880 Hb.N.D.
728 3831 771 3878 Μ.
824 3823 1048 3879 52.romnie1·1h.
1102 3830 1247 3880 idamae-

168 3926 198 3961 sa
219 3911 252 3967 6.
319 3913 360 3964 55.
383 3911 442 3962 Non
461 3909 526 3962 haee
543 3927 586 3977 ra,
606 3911 667 3962 Non
686 3911 737 3963 hoc
755 3918 831 3963 Pcrr.
847 3916 885 3963 II.
905 3913 934 3963 V.
951 3913 996 3962 Μ.
1015 3927 1124 3964 romana
1142 3913 1173 3964 6.
1195 3912 1246 3965 suit

165 3998 203 4050 6.
215 3997 246 4050 Ν.
257 4011 282 4047 r.
294 4011 332 4063 rc,
350 3995 389 4048 ini
405 3999 479 4048 Pera.
499 3996 545 4048 aad
562 4011 647 4062 capro
664 3999 754 4062 papia.
771 3997 831 4049 fuit.
884 4001 927 4050 57.
942 3995 991 4046 toti
1008 3997 1041 4048 G.
1088 4000 1130 4049 58.
1147 4013 1197 4049 om.
1208 3995 1245 4048 N.

167 4085 210 4136 59.
227 4089 270 4135 61.
288 4087 466 4138 monumenta¹
480 4083 515 4137 R.
608 4087 652 4134 or.
674 4081 772 4134 Curius
793 4082 825 4136 6.
843 4082 878 4137 Ν.
895 4079 948 4136 Hir.
967 4097 992 4137 r.
1009 4096 1037 4133 c.
1055 4085 1091 4132 H.
1114 4080 1162 4144 V„
1188 4079 1247 4130 Du-

167 4169 223 4220 rius
241 4171 274 4223 D.
288 4167 422 4240 explectis
439 4167 493 4224 Hb.
511 4166 601 4220 latinis
619 4171 662 4219 1).-
726 4172 770 4221 62.
792 4167 826 4218 tit
840 4167 896 4234 IL,
916 4167 955 4220 Ac
972 4168 1016 4220 M.
1086 4167 1130 4214 63.
1150 4161 1246 4214 Colitis

167 4270 211 4322 pr.
229 4261 263 4306 tn.
282 4251 353 4320 ΗΝ,
379 4253 464 4305 Giotis
485 4254 518 4305 6.
544 4253 662 4305 abscisos
678 4250 751 4321 nn,
777 4251 894 4306 adscisos
913 4254 950 4306 Ν.
1034 4249 1077 4298 64.
1097 4247 1133 4299 Et
1158 4247 1190 4299 6.
1210 4245 1247 4302 Ν.

169 4335 222 4392 Ha.
241 4353 266 4391 r.
286 4352 330 4404 m,
347 4337 398 4390 Eat
418 4339 494 4396 Perr.
561 4341 606 4391 65.
624 4337 662 4392 dii
679 4337 733 4392 Hb.
751 4339 787 4392 Ν.
806 4337 980 4404 condiderant
996 4349 1093 4388 omoea.
1189 4326 1196 4358 ³
