2762 4972
224 333 276 411 94
352 357 354 362 ’
538 344 732 403 Quaestionum
750 346 833 402 Liber
850 349 991 405 secundus.

225 520 316 584 Graius
350 518 476 584 rationis
509 518 598 583 initia
634 528 781 601 apparent
813 518 861 584 ΕΙ.
886 517 918 594 Ι,
946 524 1004 597 22,
1030 510 1144 587 '5—8.
1179 522 1222 600 Π,
1250 527 1298 602 16,

227 611 380 672 36-42,
424 603 564 668 Caesaris
581 606 702 682 larrdes3
719 606 775 682 111,
791 611 821 682 9,
837 610 965 671 9-16.
985 608 1131 672 artificium
1152 613 1299 687 recensio;

226 695 284 767 ΙΙΙ,
307 697 356 766 18,
376 696 483 756 3-6.
506 694 648 754 Baiarum
671 691 848 774 descriptio;
869 693 1006 772 pleniora
1027 695 1087 758 iam
1109 695 1158 758 El.
1176 696 1228 772 ΙΙΙ,
1251 702 1296 772 12,

228 782 377 846 25-36.
400 779 497 842 Ulixis
518 778 596 854 iata;
617 778 676 853 ΙΙΙ,
699 782 755 852 13,
778 781 830 843 25.
851 798 915 860 sqq.
937 781 1044 842 aetatis
1068 799 1182 845 aureae
1205 785 1296 845 sanaris

224 867 356 946 imago„
379 865 462 928 llaec
488 874 584 927 antem
610 865 708 925 omnia
735 865 778 926 ita
804 875 920 928 remota
948 875 1015 928 sunt
1043 875 1104 930 tam
1135 870 1174 930 ab
1199 870 1297 931 incon·

225 954 320 1015 cinnis
350 949 461 1014 Catulli
488 950 664 1028 ambagibus
694 969 781 1030 quam
810 970 828 1012 a
854 951 980 1014 molesta
1007 971 1099 1034 saepe
1128 947 1230 1020 Ouidii
1254 955 1297 1016 lo-

227 1039 393 1119 quacitate,
418 1033 613 1119 utnusquam
637 1037 776 1098 carminis
805 1035 943 1100 decursui
971 1038 1105 1114 obstent,
1131 1059 1228 1122 neque
1250 1059 1297 1102 ex-

223 1126 371 1190 trinsecus
399 1123 562 1198 arcessita,
590 1121 643 1185 sed
672 1133 874 1202 argumentum
903 1134 1008 1204 sponte
1034 1136 1140 1190 secuta
1168 1144 1233 1189 esse
1256 1127 1296 1188 ri-

227 1211 363 1274 deantur.
413 1209 480 1287 Qua
508 1205 598 1270 laude
626 1226 731 1272 carere
759 1210 884 1272 alterum
913 1228 1007 1289 genus
1035 1212 1106 1275 huic
1136 1213 1295 1295 proximum

225 1315 286 1360 non
308 1297 371 1359 siue
391 1296 494 1377 aliqua
510 1295 575 1358 reri
595 1296 693 1376 specie
716 1297 881 1372 censueris,
902 1313 966 1358 cum
989 1299 1088 1360 orado
1111 1299 1150 1360 ab
1175 1316 1211 1362 eo
1233 1299 1296 1374 fine,

226 1401 285 1466 qno
307 1383 392 1445 initio
413 1380 570 1458 tendebat,
592 1380 707 1442 deflexa
729 1383 831 1445 orbem
853 1383 991 1444 carminis
1012 1401 1072 1446 uon
1093 1385 1223 1460 claudit,
1246 1383 1295 1446 sed

225 1489 292 1533 eum
313 1469 405 1532 allicit
426 1469 543 1543 exitum,
563 1484 648 1549 quern
669 1467 744 1528 nibil
762 1485 826 1529 oum
846 1469 994 1549 principio
1016 1488 1170 1534 commune
1186 1471 1294 1534 babere

225 1556 319 1620 dicas.
363 1554 397 1617 ld
423 1554 558 1636 quadiu
586 1551 659 1614 duas
689 1554 871 1634 potissimum
900 1556 1013 1634 elegias
1044 1557 1155 1620 cadere
1183 1557 1295 1622 ridetur

222 1645 269 1721 ΙΙ,
291 1646 343 1706 34.
366 1650 395 1704 et
412 1639 471 1717 ΙΙΙ,
495 1643 547 1702 ll.
591 1639 721 1716 Quarum
742 1641 926 1722 posteriore,
949 1659 1012 1703 curm
1033 1653 1127 1724 poeta
1152 1644 1190 1706 ab
1212 1644 1292 1706 initio

224 1729 374 1794 seruitutis
396 1728 570 1788 inhonestae
593 1727 714 1789 erimine
739 1725 823 1807 apud
844 1730 968 1790 amicum
994 1746 1027 1790 se
1049 1739 1190 1806 excuset,
1218 1748 1294 1792 oon·

223 1817 359 1900 pluribus
381 1813 536 1875 mulierum
557 1813 794 1892 praepotentium
815 1815 956 1895 exemplis
976 1814 1076 1876 allatis
1094 1835 1123 1880 u.
1139 1819 1191 1880 28.
1210 1817 1298 1878 Cleo-¹
1360 1847 1361 1852 κ

223 1913 329 1986 patrae
352 1899 627 1962 commemoratione
647 1900 690 1960 ita
711 1898 868 1980 abripitur,
890 1909 922 1963 ut
944 1900 989 1961 sni
1011 1901 1106 1981 ipsius
1130 1911 1160 1964 et
1181 1902 1293 1964 consilii
1360 1931 1361 1976 3

225 1991 272 2052 sui
299 1987 425 2061 oblitus,
452 1984 613 2049 temeraria
633 1985 759 2064 reginae
787 2004 862 2047 ausa
884 2004 949 2048 cum
969 1985 1039 2048 latis
1063 1988 1155 2050 Urbis
1178 1989 1293 2050 maiori-

224 2075 280 2140 bus
302 2079 477 2154 conponat,
497 2069 593 2132 donec
613 2071 736 2134 Romam
754 2072 881 2150 Augusti
901 2073 1007 2137 uirtute
1027 2084 1175 2137 serratam
1194 2085 1223 2138 et
1243 2093 1292 2156 pa-

225 2180 287 2224 cem
308 2179 364 2240 per
385 2160 489 2220 orbem
507 2158 670 2220 restitutam
689 2157 843 2220 celebrans
860 2158 940 2220 reiut
960 2162 1145 2238 panegyrico
1169 2160 1291 2240 elegiam

224 2247 363 2311 absoluit.
406 2245 463 2308 liic
491 2243 599 2322 igitur,
627 2244 654 2304 si
683 2245 749 2325 quis
777 2244 892 2307 initium
923 2262 988 2306 cum
1011 2248 1093 2308 exitu
1118 2258 1199 2310 recte
1225 2265 1292 2327 qua·

226 2335 317 2396 drare
338 2330 510 2411 negaverit,
530 2346 588 2390 non
612 2330 749 2410 equidem
768 2329 865 2392 habeo
888 2330 967 2411 quod
991 2332 1150 2412 obloquor.
1194 2333 1291 2413 Neque

225 2422 303 2498 enim
324 2427 383 2481 tum
404 2415 508 2490 modo,
531 2433 595 2478 cum
617 2434 783 2491 „urceus
812 2417 931 2492 exit“‚
959 2416 1010 2478 sed
1033 2421 1171 2482 etiamsi
1194 2431 1292 2482 contra

226 2505 340 2580 euenit,
368 2502 524 2584 dispositio
547 2502 677 2566 laborat.
719 2503 758 2564 At
777 2502 833 2564 boc
851 2511 948 2566 tamen
967 2503 1055 2566 relm
1076 2523 1114 2566 ne
1136 2506 1291 2568 obliuisca-

223 2593 283 2668 ris,
306 2608 397 2673 saepe
419 2606 568 2664 errorem,
596 2589 647 2669 qui
671 2587 824 2663 rideatur,
854 2589 891 2650 de
916 2588 1064 2652 industria
1088 2594 1245 2666 committi,
1267 2588 1292 2651 si

224 2695 343 2742 oausam
371 2675 482 2738 erroris
504 2675 657 2737 honestam
679 2693 744 2738 esse
767 2684 925 2755 appareat.
968 2675 1035 2752 era
1055 2687 1155 2741 autem
1176 2697 1210 2741 re
1234 2695 1291 2738 ma-

223 2767 271 2846 gis
291 2764 340 2826 rel
362 2761 587 2824 admirationem
606 2762 750 2824 historiae
769 2761 921 2824 Romanae
942 2769 1081 2838 testetur,
1102 2765 1152 2827 rel
1171 2762 1292 2842 Augusti

175 2911 186 2916 ,
223 2844 351 2932 gratiam
380 2848 584 2923 demereatur,
611 2866 698 2928 qnam
725 2848 751 2909 si
779 2847 865 2909 buius
893 2849 1040 2911 mentione
1068 2851 1161 2914 semel
1186 2852 1292 2912 iniecta

223 2938 274 3002 rel
298 2936 408 2999 amoris
436 2935 482 2996 sni
507 2935 749 3015 privatorumque
777 2933 942 2997 studiunrm
971 2935 1098 2997 omnium
1124 2936 1290 3000 memoriam

223 3023 322 3087 excuti
347 3022 463 3100 tingat?
503 3020 668 3086 Artifioium
689 3021 781 3098 igitur
801 3020 877 3081 illud
903 3029 964 3095 est,
991 3040 1050 3086 non
1078 3037 1181 3100 error,
1209 3039 1289 3104 quem

222 3112 248 3174 si
272 3107 429 3172 emendare
456 3106 600 3169 uoluisset
627 3117 656 3169 et
682 3115 751 3185 post
777 3114 876 3169 tantas
909 3115 1028 3186 tamque
1048 3111 1222 3188 praeclaras
1243 3124 1288 3169 res

222 3205 323 3277 gestas
346 3193 384 3256 ad
411 3211 532 3275 parram
554 3209 636 3254 snam
657 3201 767 3254 sortem
788 3193 936 3273 uitamque
961 3201 1143 3258 contractam
1164 3195 1289 3259 carmine

221 3282 340 3355 redire,
362 3297 418 3342 naa
440 3279 494 3340 ille
516 3295 600 3340 omne
623 3279 759 3340 carminis
782 3279 875 3342 robur
896 3278 1027 3360 fregisse
1047 3281 1199 3346 rideretur
1223 3298 1290 3362 pru-

220 3368 368 3432 dentibus.
410 3417 414 3422 .

324 3449 451 3530 Elegiae
473 3456 579 3532 conus
597 3447 643 3525 ll,
665 3451 716 3512 34.
739 3448 836 3512 simile
859 3451 1015 3514 consilium
1037 3452 1160 3517 subesse
1181 3469 1289 3533 nequa-

220 3557 309 3622 quam
329 3547 374 3600 est
396 3533 629 3600 existimandum.
673 3535 707 3597 In
728 3537 783 3598 bac
804 3536 882 3598 enim
904 3554 969 3600 cum
995 3548 1103 3619 poeta,
1131 3542 1182 3622 qui
1208 3539 1288 3601 initio

219 3625 308 3690 fidem
331 3632 502 3687 temeratam
524 3623 620 3684 amico
641 3623 838 3702 exprobrans,
857 3623 913 3684 sub
932 3623 1017 3686 linem
1038 3629 1208 3689 auctoribus
1225 3627 1289 3687 car·

219 3713 328 3776 minum
350 3710 560 3773 amatoriorum
577 3707 669 3770 claris
689 3709 782 3770 inseri
803 3726 835 3771 se
853 3709 962 3789 cupiat,
979 3711 1106 3792 primum
1125 3707 1289 3794 inspicienti

219 3808 334 3863 rectam
356 3798 434 3859 riam
457 3795 625 3858 deseruisse
651 3793 802 3868 rideatur,
825 3803 922 3857 tamen
944 3798 971 3858 si
992 3799 1112 3878 singula
1134 3796 1288 3881 expendas,

219 3893 442 3968 praegrauante
468 3881 566 3965 potins
592 3888 741 3945 extremae
772 3882 866 3961 partis
896 3881 1048 3963 pondere,
1078 3903 1165 3965 qnam
1190 3887 1288 3947 incon·

221 3972 362 4034 cinnitate
383 3967 588 4050 dispositionis
612 3985 676 4029 eam
701 3967 871 4047 opinionem
890 3969 1029 4031 subnasci
1049 3969 1184 4033 fatearis.
1225 3966 1289 4030 Pri-

222 4077 270 4121 ma
296 4057 372 4119 enirn
397 4073 469 4137 pars
496 4054 675 4135 (Ι-26.),
706 4072 783 4135 quae
809 4053 951 4117 facillime
981 4074 1001 4118 a
1027 4057 1151 4139 reliquis
1180 4054 1289 4118 duabus

221 4149 417 4224 segregatur,
444 4141 626 4222 inopinatum
653 4141 766 4219 Lyncei
791 4140 871 4201 senis
899 4158 1029 4204 amorem
1056 4145 1194 4207 continet.
1236 4135 1289 4202 Cui

221 4231 388 4312 oppositum
409 4245 527 4290 carmen
547 4225 672 4288 medinam
692 4227 723 4287 iu
745 4243 781 4288 eu
804 4227 910 4288 timore
930 4237 1083 4305 uersatur,
1105 4247 1143 4292 ne
1163 4230 1225 4302 rir,
1244 4239 1288 4284 se·

220 4318 300 4380 reris
312 4313 409 4378 adbuc
426 4311 531 4378 sultis
549 4311 677 4388 deditus,
699 4330 793 4394 neque
811 4311 953 4393 expedire
971 4333 1004 4377 se
1016 4316 1141 4378 uinculis
1158 4310 1290 4380 insolitis,
