2834 4972
189 308 240 386 40
518 320 711 382 Quaestionum
732 319 815 374 Liber
833 292 941 388 primus.

193 497 432 580 cognoscendam
460 504 522 562 nm
551 490 718 578 ignobilem
744 493 866 575 stirpem
893 488 1085 556 redundaret
1133 489 1273 558 Getarum

195 585 443 652 Tiburtinam
464 582 618 667 cynthiam
642 582 736 644 fuisse
758 589 904 644 testantur
924 578 972 642 El.
994 579 1050 654 IV,
1072 582 1107 656 7,
1127 580 1181 644 85.
1202 599 1272 664 sqq.
1385 593 1386 598 ’

402 697 586 750 Tiburtino
605 698 673 747 iacet
690 695 738 746 bur
756 710 839 746 careo
856 692 965 759 epatica
982 699 1072 746 rma:

434 767 550 820 Accessit
568 767 645 833 cipue
661 765 738 833 luas,
754 761 869 828 Attinas,
887 769 957 813 tuuc.

199 888 251 953 Sic
273 884 350 950 enim
370 887 426 950 hos
446 905 550 951 uersus
572 884 719 967 legendos
742 902 809 948 esse
831 899 884 946 suc
907 881 975 945 loco
999 880 1275 947 demonstrabimus.
1388 892 1389 916 ³

300 991 397 1072 Atque
422 991 498 1055 haec
525 992 592 1073 ipsa
621 991 751 1053 fortasse
781 1005 873 1051 causa
902 986 976 1062 huit,
1004 1005 1056 1050 cur
1079 987 1204 1067 Cynthia
1232 986 1273 1049 ad
1389 1003 1390 1008 ¹

200 1076 280 1140 riam
301 1076 488 1140 Tiburtinam
510 1094 606 1159 neque
626 1076 700 1138 alibi
727 1075 834 1138 fuisset
859 1073 984 1154 sepulta.
1029 1073 1174 1136 solebant
1196 1075 1274 1135 enim

201 1179 273 1226 ossa
295 1159 415 1227 divitum
434 1164 466 1225 in
486 1165 611 1246 proprio
629 1163 695 1225 solo
715 1160 868 1242 componi,
888 1177 1050 1244 pauperum
1070 1160 1100 1220 iu
1122 1177 1168 1236 eo,
1192 1159 1274 1241 quod
1391 1206 1392 1218 t

204 1256 256 1312 eut
275 1249 307 1310 iu
325 1251 401 1313 bunc
421 1268 505 1313 usum
526 1250 584 1313 sibi
608 1249 762 1322 emissent,
782 1255 834 1308 aut
853 1247 973 1326 patroni
995 1245 1178 1309 liberalitate
1202 1262 1276 1309 con·
1392 1315 1393 1318 Ἴ

204 1352 318 1398 cessum
341 1336 545 1402 obtinuissent.
588 1333 775 1397 Tiburtinam
797 1339 894 1395 antem
917 1333 994 1395 uam
1016 1331 1159 1413 repletam
1180 1332 1275 1395 inisse

204 1420 407 1502 sepulcrorum
428 1421 625 1486 adiacentium
641 1416 826 1481 multitudine
846 1427 876 1480 et
888 1428 1019 1481 ueterum
1039 1417 1274 1494 locitestantur,
1393 1419 1394 1422 ’

206 1514 235 1569 et
270 1525 347 1588 quae
378 1507 468 1572 hodie
504 1508 600 1572 adhuc
633 1502 811 1569 effodiuntur
843 1513 1091 1566 monumentorum
1126 1504 1275 1585 reliquiae
1376 1552 1381 1559 .

205 1591 278 1673 (quo
300 1595 332 1656 iu
352 1609 462 1672 genere
482 1594 611 1676 plurima
630 1591 781 1671 congessit
793 1589 895 1652 Pitisc.
907 1590 1053 1652 Thesaur.
1066 1591 1148 1653 Antt.
1160 1590 1274 1653 Romm.

205 1687 227 1740 t.
250 1676 301 1742 Ill.
331 1697 355 1740 s.
385 1699 413 1744 u.
442 1677 661 1760 Sepulchrum).
720 1675 855 1740 Ceterum
889 1675 1024 1751 fuerunt,
1059 1675 1110 1756 qui
1142 1675 1273 1739 tortasse

206 1775 381 1842 argumento
403 1764 451 1828 El.
470 1764 530 1842 lll,
550 1767 601 1828 16.
629 1761 749 1824 adducti
772 1761 915 1842 Cynthiae
942 1760 1121 1824 domicilium
1146 1779 1182 1824 eo
1205 1762 1274 1825 laco

207 1848 300 1913 iuuisse
325 1852 521 1926 coniicerent,
547 1850 597 1931 qui
624 1847 715 1911 hodie
738 1848 834 1927 gentis
855 1847 1004 1911 Saborum
1027 1845 1136 1911 fundus
1158 1849 1188 1909 in
1210 1846 1278 1910 dni-

206 1934 261 1996 bus
289 1937 453 1999 Tiburtinis
484 1938 557 2000 situs
577 1934 810 2011 Quintiliato
840 1933 1019 2015 appellatur.
1070 1934 1115 1997 Gi.
1137 1930 1273 1998 Gabrae

207 2017 263 2083 del
291 2018 359 2096 Re,
392 2017 479 2086 Villo
511 2020 546 2084 di
578 2016 706 2096 Ticoli,
737 2038 766 2101 p.
790 2023 863 2083 104.
891 2021 1000 2084 citanto
1026 2020 1123 2084 Ennio
1150 2021 1276 2098 Qtririno

206 2104 387 2172 Visconti
407 2108 438 2170 iu
459 2110 567 2173 Mosco
589 2108 623 2171 P.
642 2106 682 2169 ll.
704 2112 726 2169 t.
748 2105 773 2180 1,
793 2124 823 2188 p.
847 2108 900 2169 tc.
921 2106 1107 2188 interpretat.
1128 2106 1234 2170 Gallie.

309 2210 391 2273 llaec
418 2209 594 2286 ieiunant,
622 2226 700 2291 quae
728 2208 936 2290 probabilibus
961 2210 1061 2291 potius
1089 2209 1280 2287 coniecturis,

209 2308 298 2372 quam
319 2296 408 2360 certia
430 2296 650 2360 demonstrandi
673 2295 852 2373 argumentis
878 2291 916 2356 de
936 2293 1080 2374 Cynthiae
1099 2312 1212 2375 genere
1234 2304 1281 2359 at·

210 2394 269 2457 que
295 2381 426 2444 moribus
455 2383 606 2463 exipsius
633 2380 776 2443 amatoris
802 2379 978 2443 carminibus
1003 2381 1068 2444 erui
1093 2399 1187 2462 posse
1211 2383 1278 2445 uisa

209 2471 287 2526 aunt.
313 2467 393 2530 lam
414 2466 453 2531 ad
477 2465 652 2550 explicanda
673 2467 759 2531 istius
781 2466 893 2528 seruitii
918 2475 1052 2549 tempora
1073 2476 1162 2549 atque
1183 2469 1280 2531 ratio-

207 2567 264 2611 nes
286 2563 440 2635 postquam
461 2555 662 2636 pervenimus,
683 2553 714 2614 id
735 2553 954 2633 praecaeteris
976 2551 1136 2617 cavendum
1159 2561 1218 2629 est,
1240 2571 1279 2616 ne

211 2632 280 2696 duum
302 2657 384 2715 rem,
405 2658 481 2720 quae
503 2637 835 2714 secundumhabent,
856 2656 953 2720 neque
972 2639 1142 2714 consilium,
1161 2640 1281 2704 ratione

210 2720 358 2804 modoque
384 2733 515 2789 tractare
537 2723 766 2806 aggrediamur,
794 2724 879 2806 peius
901 2727 989 2789 etiam
1016 2743 1103 2807 quam
1123 2726 1284 2790 Terentia·
1329 2751 1332 2758 ¹

211 2823 265 2868 nus
285 2809 339 2873 ille
352 2811 503 2874 Phaedria
520 2829 662 2894 peccasse
677 2811 856 2886 uideamur„
882 2811 957 2874 lluic
979 2813 1064 2887 enim,
1085 2829 1149 2874 cunr
1169 2813 1281 2875 amoris

211 2891 316 2960 furore
343 2897 409 2978 ipse
438 2898 477 2963 ait
507 2896 690 2981 lymphatus,
717 2898 745 2960 si
774 2913 893 2960 causam
922 2915 1005 2959 suam
1034 2914 1177 2981 peruerse
1206 2899 1282 2977 agit,

213 2978 279 3058 quis
308 2991 368 3058 est,
394 2983 464 3065 quin
491 2985 625 3047 insanum
654 2985 786 3047 insanire
811 2997 908 3063 aequo
939 2983 1036 3046 animo
1062 2993 1091 3047 ot
1115 2984 1283 3047 humaniter

212 3065 370 3132 condonet.
420 3070 515 3133 Nobis
548 3071 739 3151 interpretum
772 3068 904 3129 sobrium
935 3086 1038 3132 munus
1069 3072 1221 3149 aggressis
1253 3070 1282 3132 si

212 3161 282 3230 post
302 3152 487 3217 saeculorum
510 3158 635 3236 spatium
660 3154 778 3231 aegroti
806 3154 909 3214 morbo
937 3171 992 3216 nos
1018 3154 1106 3239 infici¹
1125 3157 1283 3236 patiamur,

214 3235 316 3299 eadem
337 3242 426 3302 uenia
446 3259 631 3323 nequaquam
653 3250 697 3303 est
716 3237 874 3321 speranda.
917 3240 1113 3318 Quamobrem
1134 3259 1171 3304 ne
1185 3243 1285 3305 Lach-

213 3325 336 3385 mannus
355 3325 482 3407 quidem,
499 3327 546 3390 tir
565 3327 737 3408 ceteroquin
759 3325 953 3401 doctissimus,
975 3330 1053 3391 omni
1076 3329 1189 3391 erroris
1210 3337 1284 3393 ncta

215 3409 304 3471 eximi
326 3420 439 3491 potest,
467 3413 534 3493 qni,
558 3430 645 3493 quum
666 3413 776 3498 primus
799 3428 901 3475 amore
920 3412 975 3475 illo
999 3414 1039 3476 ad
1060 3423 1206 3477 certorum
1229 3433 1284 3479 an-

213 3509 317 3555 norum
340 3497 484 3560 calculum
504 3509 661 3572 reuocato,
685 3501 742 3562 hoc
763 3498 829 3560 solc
853 3497 889 3560 de
918 3502 1076 3562 carminum
1097 3501 1283 3580 singulorum

213 3586 363 3661 tempore,
382 3593 419 3647 -et
444 3583 481 3646 de
507 3602 601 3659 anno,
626 3599 684 3665 quo
704 3584 878 3663 Propertius
899 3595 984 3648 natus
1005 3587 1061 3660 sit,
1087 3597 1169 3650 certa
1190 3604 1282 3667 posse

213 3679 387 3744 argumenta
408 3669 512 3748 colligi
538 3681 623 3732 actus
649 3669 864 3751 perspexisset,
892 3671 923 3733 in
951 3689 1005 3747 eo,
1033 3673 1059 3733 si
1088 3672 1159 3752 quid
1183 3673 1283 3750 uideo,

94 3803 96 3806 .
212 3754 361 3830 peccauit,
390 3755 469 3836 quud
497 3756 663 3837 ubicunqne
690 3758 782 3817 minus
809 3753 940 3818 feliciter
965 3758 1118 3824 florentem
1147 3769 1198 3822 aut
1226 3777 1283 3840 per

214 3835 337 3917 aliquod
366 3848 478 3922 tempus
505 3843 700 3923 interruptum
727 3839 801 3902 uidit
826 3857 970 3916 amorem,
999 3861 1037 3906 ex
1062 3845 1212 3926 scruposis
1235 3845 1283 3907 his

212 3922 465 4004 interpretationis
491 3930 606 3992 cotibus
636 3928 674 3990 ad
703 3939 829 3989 aunuum
856 3925 931 3990 illud
961 3928 1114 3992 discidium
1143 3940 1283 4012 tanquam

214 4007 246 4073 iu
273 4020 362 4074 tuntum
388 4022 503 4093 portum
528 4024 557 4078 et
581 4014 736 4077 stationem
764 4011 991 4090 confugiendum
1013 4034 1080 4079 esse
1106 4017 1284 4080 unshusen

215 4093 331 4168 (Praei.
353 4098 382 4158 in
403 4099 492 4180 Prcp.
513 4101 622 4164 XXIV.
640 4099 731 4180 sqq).
775 4097 826 4159 Sic
847 4098 877 4158 in
898 4101 946 4164 El.
966 4101 991 4178 1,
1012 4105 1051 4176 1.,
1073 4101 1172 4176 sicil,
1192 4105 1283 4178 2,1.‚

216 4181 260 4246 sic
281 4181 323 4258 ΙΙ,
346 4187 381 4258 3,
405 4188 498 4246 1,-
540 4186 648 4251 Verum
671 4196 702 4248 ut
727 4184 833 4250 iterum
858 4197 954 4254 catum
979 4199 1112 4254 nostrum
1133 4197 1282 4253 ueterato-

211 4283 272 4332 ren
293 4267 516 4336 Parmenionem
538 4271 741 4338 consulamus:
