<?xml version="1.0" encoding="UTF-8"?>
<!DOCTYPE html PUBLIC "-//W3C//DTD XHTML 1.0 Transitional//EN"
    "http://www.w3.org/TR/xhtml1/DTD/xhtml1-transitional.dtd">
<html xmlns="http://www.w3.org/1999/xhtml" xml:lang="en" lang="en">
 <head>
  <title>
</title>
<meta http-equiv="Content-Type" content="text/html;charset=utf-8" />
  <meta name='ocr-system' content='tesseract 3.04.00' />
  <meta name='ocr-capabilities' content='ocr_page ocr_carea ocr_par ocr_line ocrx_word'/>
</head>
<body>
  <div class='ocr_page' id='page_1' title='image "./sexaureliiprope02propgoog_0231.png"; bbox 0 0 2806 4974; ppageno 0'>
   <div class='ocr_carea' id='block_1_1' title="bbox 248 421 1161 506">
    <p class='ocr_par' dir='ltr' id='par_1_1' title="bbox 248 421 1161 506">
     <span class='ocr_line' id='line_1_1' title="bbox 248 421 1161 506; baseline 0.004 -18"><span class='ocrx_word' id='word_1_1' title='bbox 248 434 338 504; x_wconf 80' lang='lat' dir='ltr'><strong>caput</strong></span> <span class='ocrx_word' id='word_1_2' title='bbox 353 435 378 491; x_wconf 83' lang='lat' dir='ltr'><strong>l.</strong></span> <span class='ocrx_word' id='word_1_3' title='bbox 412 435 455 490; x_wconf 86' lang='lat' dir='ltr'><strong>De</strong></span> <span class='ocrx_word' id='word_1_4' title='bbox 470 433 623 502; x_wconf 76' lang='lat' dir='ltr'><strong>integritate</strong></span> <span class='ocrx_word' id='word_1_5' title='bbox 641 450 752 506; x_wconf 88' lang='lat' dir='ltr'><strong>operum</strong></span> <span class='ocrx_word' id='word_1_6' title='bbox 768 432 1013 503; x_wconf 80' lang='lat' dir='ltr'><strong>Propertianornm.</strong></span> <span class='ocrx_word' id='word_1_7' title='bbox 1084 421 1161 498; x_wconf 78' lang='grc'><strong>213</strong></span> 
     </span>
    </p>
   </div>
   <div class='ocr_carea' id='block_1_2' title="bbox 95 607 1159 942">
    <p class='ocr_par' dir='ltr' id='par_1_2' title="bbox 95 607 1159 942">
     <span class='ocr_line' id='line_1_2' title="bbox 95 607 1159 694; baseline -0.006 -16"><span class='ocrx_word' id='word_1_8' title='bbox 95 609 239 692; x_wconf 76' lang='lat' dir='ltr'><strong>llrrgilio,</strong></span> <span class='ocrx_word' id='word_1_9' title='bbox 265 607 452 674; x_wconf 72' lang='lat' dir='ltr'><strong>rennuens</strong></span> <span class='ocrx_word' id='word_1_10' title='bbox 479 617 642 694; x_wconf 83' lang='lat' dir='ltr'><strong>praesepta</strong></span> <span class='ocrx_word' id='word_1_11' title='bbox 666 613 890 688; x_wconf 81' lang='lat' dir='ltr'><strong>commemorat,</strong></span> <span class='ocrx_word' id='word_1_12' title='bbox 916 607 970 672; x_wconf 85' lang='lat' dir='ltr'><strong>eorl</strong></span> <span class='ocrx_word' id='word_1_13' title='bbox 995 607 1159 690; x_wconf 76' lang='lat' dir='ltr'><strong>agricultn·</strong></span> 
     </span>
     <span class='ocr_line' id='line_1_3' title="bbox 95 697 274 762; baseline -0.006 -1"><span class='ocrx_word' id='word_1_14' title='bbox 95 715 156 762; x_wconf 88' lang='lat' dir='ltr'><strong>rae.</strong></span> <span class='ocrx_word' id='word_1_15' title='bbox 198 697 274 761; x_wconf 85' lang='lat' dir='ltr'><strong>Nam</strong></span> 
     </span>
     <span class='ocr_line' id='line_1_4' title="bbox 229 801 1125 874; baseline -0.001 -17"><span class='ocrx_word' id='word_1_16' title='bbox 229 805 269 857; x_wconf 75' lang='lat' dir='ltr'><strong>Pb</strong></span> <span class='ocrx_word' id='word_1_17' title='bbox 286 805 375 872; x_wconf 79' lang='lat' dir='ltr'><strong>oanis,</strong></span> <span class='ocrx_word' id='word_1_18' title='bbox 395 801 498 874; x_wconf 81' lang='lat' dir='ltr'><strong>inquit,</strong></span> <span class='ocrx_word' id='word_1_19' title='bbox 516 805 659 857; x_wconf 73' lang='lat' dir='ltr'><strong>Asaraei</strong></span> <span class='ocrx_word' id='word_1_20' title='bbox 676 805 771 858; x_wconf 80' lang='lat' dir='ltr'><strong>ueteris</strong></span> <span class='ocrx_word' id='word_1_21' title='bbox 787 810 976 872; x_wconf 76' lang='lat' dir='ltr'><strong>praerepto</strong></span> <span class='ocrx_word' id='word_1_22' title='bbox 991 809 1125 874; x_wconf 74' lang='lat' dir='ltr'><strong>poetae,</strong></span> 
     </span>
     <span class='ocr_line' id='line_1_5' title="bbox 263 873 890 942; baseline 0.003 -18"><span class='ocrx_word' id='word_1_23' title='bbox 263 875 319 937; x_wconf 81' lang='lat' dir='ltr'><strong>Quo</strong></span> <span class='ocrx_word' id='word_1_24' title='bbox 337 889 409 941; x_wconf 72' lang='lat' dir='ltr'><strong>sepes</strong></span> <span class='ocrx_word' id='word_1_25' title='bbox 424 875 452 927; x_wconf 85' lang='lat' dir='ltr'><strong>ia</strong></span> <span class='ocrx_word' id='word_1_26' title='bbox 469 889 579 942; x_wconf 74' lang='lat' dir='ltr'><strong>eampo,</strong></span> <span class='ocrx_word' id='word_1_27' title='bbox 598 889 648 941; x_wconf 75' lang='lat' dir='ltr'><strong>pao</strong></span> <span class='ocrx_word' id='word_1_28' title='bbox 668 873 736 925; x_wconf 86' lang='lat' dir='ltr'><strong>oiret</strong></span> <span class='ocrx_word' id='word_1_29' title='bbox 752 889 803 926; x_wconf 83' lang='lat' dir='ltr'><strong>eoo</strong></span> <span class='ocrx_word' id='word_1_30' title='bbox 820 874 890 940; x_wconf 80' lang='lat' dir='ltr'><strong>iope.</strong></span> 
     </span>
    </p>
   </div>
   <div class='ocr_carea' id='block_1_3' title="bbox 94 977 1159 1412">
    <p class='ocr_par' dir='ltr' id='par_1_3' title="bbox 94 977 1159 1316">
     <span class='ocr_line' id='line_1_6' title="bbox 94 977 1159 1060; baseline -0.003 -17"><span class='ocrx_word' id='word_1_31' title='bbox 94 979 204 1043; x_wconf 78' lang='lat' dir='ltr'><strong>moun</strong></span> <span class='ocrx_word' id='word_1_32' title='bbox 231 989 435 1059; x_wconf 79' lang='lat' dir='ltr'><strong>argumentum</strong></span> <span class='ocrx_word' id='word_1_33' title='bbox 455 979 660 1044; x_wconf 81' lang='lat' dir='ltr'><strong>Lachmannus</strong></span> <span class='ocrx_word' id='word_1_34' title='bbox 685 997 723 1042; x_wconf 86' lang='lat' dir='ltr'><strong>ex</strong></span> <span class='ocrx_word' id='word_1_35' title='bbox 748 977 947 1058; x_wconf 80' lang='lat' dir='ltr'><strong>Fulgentii</strong></span> <span class='ocrx_word' id='word_1_36' title='bbox 973 979 1159 1060; x_wconf 79' lang='lat' dir='ltr'><strong>grammatici</strong></span> 
     </span>
     <span class='ocr_line' id='line_1_7' title="bbox 95 1063 1156 1148; baseline -0.002 -20"><span class='ocrx_word' id='word_1_37' title='bbox 95 1066 258 1128; x_wconf 85' lang='lat' dir='ltr'><strong>testimonio</strong></span> <span class='ocrx_word' id='word_1_38' title='bbox 286 1067 410 1148; x_wconf 87' lang='lat' dir='ltr'><strong>repetit,</strong></span> <span class='ocrx_word' id='word_1_39' title='bbox 439 1067 491 1148; x_wconf 88' lang='lat' dir='ltr'><strong>qui</strong></span> <span class='ocrx_word' id='word_1_40' title='bbox 518 1067 549 1132; x_wconf 90' lang='lat' dir='ltr'><strong>in</strong></span> <span class='ocrx_word' id='word_1_41' title='bbox 573 1066 676 1130; x_wconf 91' lang='lat' dir='ltr'><strong>libello</strong></span> <span class='ocrx_word' id='word_1_42' title='bbox 705 1063 743 1127; x_wconf 83' lang='lat' dir='ltr'><strong>de</strong></span> <span class='ocrx_word' id='word_1_43' title='bbox 771 1067 873 1148; x_wconf 85' lang='lat' dir='ltr'><strong>priseo</strong></span> <span class='ocrx_word' id='word_1_44' title='bbox 899 1083 1033 1128; x_wconf 77' lang='lat' dir='ltr'><strong>sermone</strong></span> <span class='ocrx_word' id='word_1_45' title='bbox 1056 1083 1083 1127; x_wconf 90' lang='lat' dir='ltr'><strong>n.</strong></span> <span class='ocrx_word' id='word_1_46' title='bbox 1105 1067 1156 1128; x_wconf 80' lang='lat'><strong>34.</strong></span> 
     </span>
     <span class='ocr_line' id='line_1_8' title="bbox 95 1151 1158 1236; baseline 0 -24"><span class='ocrx_word' id='word_1_47' title='bbox 95 1151 145 1212; x_wconf 90' lang='lat' dir='ltr'><strong>snb</strong></span> <span class='ocrx_word' id='word_1_48' title='bbox 164 1169 194 1214; x_wconf 76' lang='lat' dir='ltr'><strong>u.</strong></span> <span class='ocrx_word' id='word_1_49' title='bbox 211 1151 369 1217; x_wconf 83' lang='lat' dir='ltr'><strong>Diridia</strong></span> <span class='ocrx_word' id='word_1_50' title='bbox 392 1169 510 1218; x_wconf 81' lang='lat' dir='ltr'><strong>uersum</strong></span> <span class='ocrx_word' id='word_1_51' title='bbox 530 1153 639 1230; x_wconf 85' lang='lat' dir='ltr'><strong>babet,</strong></span> <span class='ocrx_word' id='word_1_52' title='bbox 665 1169 752 1236; x_wconf 87' lang='lat' dir='ltr'><strong>quem</strong></span> <span class='ocrx_word' id='word_1_53' title='bbox 772 1160 875 1218; x_wconf 84' lang='lat' dir='ltr'><strong>nostra</strong></span> <span class='ocrx_word' id='word_1_54' title='bbox 896 1151 1078 1234; x_wconf 80' lang='lat' dir='ltr'><strong>exemplaria</strong></span> <span class='ocrx_word' id='word_1_55' title='bbox 1098 1167 1158 1212; x_wconf 90' lang='lat' dir='ltr'><strong>non</strong></span> 
     </span>
     <span class='ocr_line' id='line_1_9' title="bbox 95 1246 274 1316; baseline 0 -18"><span class='ocrx_word' id='word_1_56' title='bbox 95 1246 274 1316; x_wconf 81' lang='lat' dir='ltr'><strong>agnoscunt:</strong></span> 
     </span>
    </p>

    <p class='ocr_par' dir='ltr' id='par_1_4' title="bbox 297 1337 953 1412">
     <span class='ocr_line' id='line_1_10' title="bbox 297 1337 953 1412; baseline -0.002 -21"><span class='ocrx_word' id='word_1_57' title='bbox 297 1337 419 1392; x_wconf 74' lang='lat' dir='ltr'><strong>niventes</strong></span> <span class='ocrx_word' id='word_1_58' title='bbox 435 1338 529 1391; x_wconf 82' lang='lat' dir='ltr'><strong>mentio</strong></span> <span class='ocrx_word' id='word_1_59' title='bbox 545 1337 647 1402; x_wconf 78' lang='lat' dir='ltr'><strong>eoeriee&#39;t</strong></span> <span class='ocrx_word' id='word_1_60' title='bbox 663 1340 747 1392; x_wconf 79' lang='lat' dir='ltr'><strong>omnis</strong></span> <span class='ocrx_word' id='word_1_61' title='bbox 763 1353 850 1393; x_wconf 77' lang='lat' dir='ltr'><strong>aaron.</strong></span> <span class='ocrx_word' id='word_1_62' title='bbox 950 1403 953 1412; x_wconf 27' lang='grc'>1</span> 
     </span>
    </p>
   </div>
   <div class='ocr_carea' id='block_1_4' title="bbox 95 1435 1159 1608">
    <p class='ocr_par' dir='ltr' id='par_1_5' title="bbox 95 1435 1159 1608">
     <span class='ocr_line' id='line_1_11' title="bbox 95 1435 1159 1524; baseline -0.002 -20"><span class='ocrx_word' id='word_1_63' title='bbox 95 1437 325 1522; x_wconf 70' lang='lat' dir='ltr'><strong>eorumgenere</strong></span> <span class='ocrx_word' id='word_1_64' title='bbox 349 1435 520 1507; x_wconf 63' lang='lat' dir='ltr'><strong>auctoritati</strong></span> <span class='ocrx_word' id='word_1_65' title='bbox 541 1450 678 1524; x_wconf 80' lang='lat' dir='ltr'><strong>quantum</strong></span> <span class='ocrx_word' id='word_1_66' title='bbox 698 1442 884 1510; x_wconf 86' lang='lat' dir='ltr'><strong>tribuendum</strong></span> <span class='ocrx_word' id='word_1_67' title='bbox 905 1441 961 1519; x_wconf 87' lang='lat' dir='ltr'><strong>sit,</strong></span> <span class='ocrx_word' id='word_1_68' title='bbox 985 1441 1043 1504; x_wconf 89' lang='lat' dir='ltr'><strong>boo</strong></span> <span class='ocrx_word' id='word_1_69' title='bbox 1064 1439 1159 1518; x_wconf 88' lang='lat' dir='ltr'><strong>rloeet,</strong></span> 
     </span>
     <span class='ocr_line' id='line_1_12' title="bbox 96 1525 1158 1608; baseline 0.001 -21"><span class='ocrx_word' id='word_1_70' title='bbox 96 1525 172 1608; x_wconf 82' lang='lat' dir='ltr'><strong>puorl</strong></span> <span class='ocrx_word' id='word_1_71' title='bbox 199 1543 225 1590; x_wconf 87' lang='lat' dir='ltr'><strong>s.</strong></span> <span class='ocrx_word' id='word_1_72' title='bbox 246 1545 274 1591; x_wconf 84' lang='lat' dir='ltr'><strong>r.</strong></span> <span class='ocrx_word' id='word_1_73' title='bbox 296 1527 486 1592; x_wconf 77' lang='lat' dir='ltr'><strong>catillare</strong></span> <span class='ocrx_word' id='word_1_74' title='bbox 512 1547 541 1592; x_wconf 87' lang='lat' dir='ltr'><strong>n.</strong></span> <span class='ocrx_word' id='word_1_75' title='bbox 563 1534 614 1592; x_wconf 79' lang='lat'><strong>22.</strong></span> <span class='ocrx_word' id='word_1_76' title='bbox 640 1529 734 1592; x_wconf 83' lang='lat' dir='ltr'><strong>rerba</strong></span> <span class='ocrx_word' id='word_1_77' title='bbox 761 1530 850 1592; x_wconf 86' lang='lat' dir='ltr'><strong>baeu:</strong></span> <span class='ocrx_word' id='word_1_78' title='bbox 879 1527 1049 1604; x_wconf 78' lang='lat' dir='ltr'><strong>„Catillata</strong></span> <span class='ocrx_word' id='word_1_79' title='bbox 1075 1529 1158 1608; x_wconf 83' lang='lat' dir='ltr'><strong>geris</strong></span> 
     </span>
    </p>
   </div>
   <div class='ocr_carea' id='block_1_5' title="bbox 96 1613 1279 1696">
    <p class='ocr_par' dir='ltr' id='par_1_6' title="bbox 96 1613 1279 1696">
     <span class='ocr_line' id='line_1_13' title="bbox 96 1613 1279 1696; baseline -0.006 -19"><span class='ocrx_word' id='word_1_80' title='bbox 96 1613 273 1689; x_wconf 78' lang='lat' dir='ltr'><strong>uadimonia,</strong></span> <span class='ocrx_word' id='word_1_81' title='bbox 293 1613 442 1695; x_wconf 83' lang='lat' dir='ltr'><strong>publicum</strong></span> <span class='ocrx_word' id='word_1_82' title='bbox 460 1615 691 1696; x_wconf 89' lang='lat' dir='ltr'><strong>prostibulum“,</strong></span> <span class='ocrx_word' id='word_1_83' title='bbox 712 1633 790 1695; x_wconf 82' lang='lat' dir='ltr'><strong>quae</strong></span> <span class='ocrx_word' id='word_1_84' title='bbox 810 1615 964 1678; x_wconf 84' lang='lat' dir='ltr'><strong>manilesto</strong></span> <span class='ocrx_word' id='word_1_85' title='bbox 986 1614 1062 1676; x_wconf 90' lang='lat' dir='ltr'><strong>alius</strong></span> <span class='ocrx_word' id='word_1_86' title='bbox 1084 1615 1159 1674; x_wconf 83' lang='lat' dir='ltr'><strong>sori·</strong></span> <span class='ocrx_word' id='word_1_87' title='bbox 1277 1642 1279 1651; x_wconf 92' lang='lat'>·</span> 
     </span>
    </p>
   </div>
   <div class='ocr_carea' id='block_1_6' title="bbox 96 1698 1185 3071">
    <p class='ocr_par' dir='ltr' id='par_1_7' title="bbox 96 1698 1185 2792">
     <span class='ocr_line' id='line_1_14' title="bbox 96 1698 1158 1782; baseline -0.003 -21"><span class='ocrx_word' id='word_1_88' title='bbox 96 1698 187 1779; x_wconf 83' lang='lat' dir='ltr'><strong>proris</strong></span> <span class='ocrx_word' id='word_1_89' title='bbox 208 1707 291 1774; x_wconf 88' lang='lat' dir='ltr'><strong>suut,</strong></span> <span class='ocrx_word' id='word_1_90' title='bbox 318 1699 414 1762; x_wconf 87' lang='lat' dir='ltr'><strong>eirlem</strong></span> <span class='ocrx_word' id='word_1_91' title='bbox 440 1700 574 1780; x_wconf 77' lang='lat' dir='ltr'><strong>assignat</strong></span> <span class='ocrx_word' id='word_1_92' title='bbox 593 1700 763 1782; x_wconf 79' lang='lat' dir='ltr'><strong>Propertio.</strong></span> <span class='ocrx_word' id='word_1_93' title='bbox 805 1701 908 1782; x_wconf 80' lang='lat' dir='ltr'>Neque</span> <span class='ocrx_word' id='word_1_94' title='bbox 929 1701 1023 1782; x_wconf 91' lang='lat' dir='ltr'><strong>pluris</strong></span> <span class='ocrx_word' id='word_1_95' title='bbox 1044 1699 1158 1761; x_wconf 85' lang='lat' dir='ltr'><strong>larien-</strong></span> 
     </span>
     <span class='ocr_line' id='line_1_15' title="bbox 99 1783 1159 1867; baseline -0.002 -21"><span class='ocrx_word' id='word_1_96' title='bbox 99 1784 149 1846; x_wconf 87' lang='lat' dir='ltr'><strong>rlus</strong></span> <span class='ocrx_word' id='word_1_97' title='bbox 171 1794 217 1847; x_wconf 85' lang='lat' dir='ltr'><strong>est</strong></span> <span class='ocrx_word' id='word_1_98' title='bbox 238 1785 337 1848; x_wconf 81' lang='lat' dir='ltr'><strong>Servii</strong></span> <span class='ocrx_word' id='word_1_99' title='bbox 361 1785 463 1863; x_wconf 86' lang='lat' dir='ltr'><strong>loeus,</strong></span> <span class='ocrx_word' id='word_1_100' title='bbox 492 1805 577 1867; x_wconf 88' lang='lat' dir='ltr'><strong>quem</strong></span> <span class='ocrx_word' id='word_1_101' title='bbox 599 1804 664 1848; x_wconf 89' lang='lat' dir='ltr'><strong>eum</strong></span> <span class='ocrx_word' id='word_1_102' title='bbox 686 1785 725 1848; x_wconf 82' lang='lat' dir='ltr'><strong>orl</strong></span> <span class='ocrx_word' id='word_1_103' title='bbox 747 1786 831 1866; x_wconf 81' lang='lat' dir='ltr'><strong>Virg.</strong></span> <span class='ocrx_word' id='word_1_104' title='bbox 851 1786 916 1852; x_wconf 84' lang='lat' dir='ltr'><strong>Eol.</strong></span> <span class='ocrx_word' id='word_1_105' title='bbox 935 1786 971 1861; x_wconf 89' lang='lat' dir='ltr'><strong>V,</strong></span> <span class='ocrx_word' id='word_1_106' title='bbox 993 1790 1044 1848; x_wconf 85' lang='lat'><strong>21.</strong></span> <span class='ocrx_word' id='word_1_107' title='bbox 1066 1783 1159 1850; x_wconf 84' lang='lat' dir='ltr'><strong>rerba</strong></span> 
     </span>
     <span class='ocr_line' id='line_1_16' title="bbox 101 1871 1159 1958; baseline -0.002 -26"><span class='ocrx_word' id='word_1_108' title='bbox 101 1872 185 1932; x_wconf 83' lang='lat' dir='ltr'><strong>bueo:</strong></span> <span class='ocrx_word' id='word_1_109' title='bbox 211 1879 328 1946; x_wconf 88' lang='lat' dir='ltr'><strong>„testes</strong></span> <span class='ocrx_word' id='word_1_110' title='bbox 357 1879 425 1934; x_wconf 85' lang='lat' dir='ltr'><strong>suut</strong></span> <span class='ocrx_word' id='word_1_111' title='bbox 451 1871 554 1958; x_wconf 64' lang='lat' dir='ltr'><strong>silere</strong></span> <span class='ocrx_word' id='word_1_112' title='bbox 578 1873 689 1934; x_wconf 89' lang='lat' dir='ltr'><strong>nobis“</strong></span> <span class='ocrx_word' id='word_1_113' title='bbox 715 1880 747 1935; x_wconf 90' lang='lat' dir='ltr'><strong>ut</strong></span> <span class='ocrx_word' id='word_1_114' title='bbox 765 1871 963 1953; x_wconf 87' lang='lat' dir='ltr'><strong>Propertiana</strong></span> <span class='ocrx_word' id='word_1_115' title='bbox 985 1871 1071 1948; x_wconf 79' lang='lat' dir='ltr'><strong>citat,</strong></span> <span class='ocrx_word' id='word_1_116' title='bbox 1097 1887 1159 1931; x_wconf 89' lang='lat' dir='ltr'><strong>me·</strong></span> 
     </span>
     <span class='ocr_line' id='line_1_17' title="bbox 98 1955 1159 2038; baseline -0.003 -20"><span class='ocrx_word' id='word_1_117' title='bbox 98 1957 188 2020; x_wconf 91' lang='lat' dir='ltr'><strong>moria</strong></span> <span class='ocrx_word' id='word_1_118' title='bbox 209 1957 362 2038; x_wconf 87' lang='lat' dir='ltr'><strong>paululum</strong></span> <span class='ocrx_word' id='word_1_119' title='bbox 387 1959 500 2038; x_wconf 87' lang='lat' dir='ltr'><strong>lapsum</strong></span> <span class='ocrx_word' id='word_1_120' title='bbox 521 1958 569 2022; x_wconf 86' lang='lat' dir='ltr'><strong>El.</strong></span> <span class='ocrx_word' id='word_1_121' title='bbox 589 1957 637 2034; x_wconf 87' lang='grc' dir='ltr'><strong>ΙΙ,</strong></span> <span class='ocrx_word' id='word_1_122' title='bbox 657 1961 694 2034; x_wconf 85' lang='grc'><strong>9,</strong></span> <span class='ocrx_word' id='word_1_123' title='bbox 715 1961 769 2021; x_wconf 85' lang='grc'><strong>41.</strong></span> <span class='ocrx_word' id='word_1_124' title='bbox 790 1968 859 2021; x_wconf 84' lang='lat' dir='ltr'><strong>aute</strong></span> <span class='ocrx_word' id='word_1_125' title='bbox 887 1957 990 2020; x_wconf 86' lang='lat' dir='ltr'><strong>oeulos</strong></span> <span class='ocrx_word' id='word_1_126' title='bbox 1016 1955 1159 2020; x_wconf 85' lang='lat' dir='ltr'><strong>babuisse</strong></span> 
     </span>
     <span class='ocr_line' id='line_1_18' title="bbox 98 2041 1158 2122; baseline -0.002 -19"><span class='ocrx_word' id='word_1_127' title='bbox 98 2051 183 2122; x_wconf 87' lang='lat' dir='ltr'><strong>patet.</strong></span> <span class='ocrx_word' id='word_1_128' title='bbox 228 2041 350 2107; x_wconf 80' lang='lat' dir='ltr'><strong>Seruius</strong></span> <span class='ocrx_word' id='word_1_129' title='bbox 372 2045 465 2119; x_wconf 91' lang='lat' dir='ltr'><strong>enim,</strong></span> <span class='ocrx_word' id='word_1_130' title='bbox 493 2045 521 2106; x_wconf 89' lang='lat' dir='ltr'><strong>si</strong></span> <span class='ocrx_word' id='word_1_131' title='bbox 541 2043 628 2106; x_wconf 83' lang='lat' dir='ltr'><strong>morlo</strong></span> <span class='ocrx_word' id='word_1_132' title='bbox 647 2043 746 2107; x_wconf 78' lang='lat' dir='ltr'><strong>Servii</strong></span> <span class='ocrx_word' id='word_1_133' title='bbox 767 2053 833 2106; x_wconf 87' lang='lat' dir='ltr'><strong>suut</strong></span> <span class='ocrx_word' id='word_1_134' title='bbox 853 2046 946 2106; x_wconf 83' lang='lat' dir='ltr'><strong>rerba</strong></span> <span class='ocrx_word' id='word_1_135' title='bbox 973 2060 1028 2106; x_wconf 90' lang='lat' dir='ltr'><strong>neo</strong></span> <span class='ocrx_word' id='word_1_136' title='bbox 1053 2058 1158 2105; x_wconf 89' lang='lat' dir='ltr'><strong>recen-</strong></span> 
     </span>
     <span class='ocr_line' id='line_1_19' title="bbox 98 2128 1158 2211; baseline -0.003 -21"><span class='ocrx_word' id='word_1_137' title='bbox 98 2128 195 2192; x_wconf 86' lang='lat' dir='ltr'><strong>tissimi</strong></span> <span class='ocrx_word' id='word_1_138' title='bbox 226 2129 465 2210; x_wconf 77' lang='lat' dir='ltr'><strong>interpolatoris,</strong></span> <span class='ocrx_word' id='word_1_139' title='bbox 491 2147 570 2210; x_wconf 84' lang='lat' dir='ltr'><strong>quae</strong></span> <span class='ocrx_word' id='word_1_140' title='bbox 599 2129 630 2192; x_wconf 93' lang='lat' dir='ltr'><strong>in</strong></span> <span class='ocrx_word' id='word_1_141' title='bbox 656 2129 773 2211; x_wconf 86' lang='lat' dir='ltr'><strong>optimis</strong></span> <span class='ocrx_word' id='word_1_142' title='bbox 795 2129 969 2192; x_wconf 79' lang='lat' dir='ltr'><strong>membranis</strong></span> <span class='ocrx_word' id='word_1_143' title='bbox 995 2145 1054 2190; x_wconf 93' lang='lat' dir='ltr'><strong>non</strong></span> <span class='ocrx_word' id='word_1_144' title='bbox 1080 2144 1158 2188; x_wconf 88' lang='lat' dir='ltr'><strong>eom-</strong></span> 
     </span>
     <span class='ocr_line' id='line_1_20' title="bbox 98 2212 1159 2296; baseline -0.005 -21"><span class='ocrx_word' id='word_1_145' title='bbox 98 2222 235 2296; x_wconf 86' lang='lat' dir='ltr'><strong>pareaut:</strong></span> <span class='ocrx_word' id='word_1_146' title='bbox 263 2216 289 2276; x_wconf 90' lang='lat' dir='ltr'><strong>is</strong></span> <span class='ocrx_word' id='word_1_147' title='bbox 316 2217 423 2296; x_wconf 84' lang='lat' dir='ltr'><strong>igitur,</strong></span> <span class='ocrx_word' id='word_1_148' title='bbox 451 2217 501 2296; x_wconf 85' lang='lat' dir='ltr'><strong>qui</strong></span> <span class='ocrx_word' id='word_1_149' title='bbox 523 2217 621 2279; x_wconf 84' lang='lat' dir='ltr'><strong>Servii</strong></span> <span class='ocrx_word' id='word_1_150' title='bbox 647 2215 864 2278; x_wconf 73' lang='lat' dir='ltr'><strong>nominaverit</strong></span> <span class='ocrx_word' id='word_1_151' title='bbox 889 2212 1159 2295; x_wconf 78' lang='lat' dir='ltr'><strong>interpresvirgi-</strong></span> 
     </span>
     <span class='ocr_line' id='line_1_21' title="bbox 97 2293 1165 2382; baseline -0.002 -22"><span class='ocrx_word' id='word_1_152' title='bbox 97 2297 206 2376; x_wconf 89' lang='lat' dir='ltr'><strong>lianus‚</strong></span> <span class='ocrx_word' id='word_1_153' title='bbox 231 2317 317 2381; x_wconf 84' lang='lat' dir='ltr'><strong>qrram</strong></span> <span class='ocrx_word' id='word_1_154' title='bbox 337 2302 403 2382; x_wconf 87' lang='lat' dir='ltr'><strong>ipse</strong></span> <span class='ocrx_word' id='word_1_155' title='bbox 422 2320 495 2363; x_wconf 86' lang='lat' dir='ltr'><strong>sune</strong></span> <span class='ocrx_word' id='word_1_156' title='bbox 518 2302 676 2364; x_wconf 78' lang='lat' dir='ltr'><strong>memoriae</strong></span> <span class='ocrx_word' id='word_1_157' title='bbox 695 2301 782 2363; x_wconf 87' lang='lat' dir='ltr'><strong>fidem</strong></span> <span class='ocrx_word' id='word_1_158' title='bbox 802 2301 922 2376; x_wconf 86' lang='lat' dir='ltr'><strong>babeat,</strong></span> <span class='ocrx_word' id='word_1_159' title='bbox 943 2301 1098 2362; x_wconf 84' lang='lat' dir='ltr'><strong>oonlitetur</strong></span> <span class='ocrx_word' id='word_1_160' title='bbox 1120 2293 1165 2358; x_wconf 86' lang='lat' dir='ltr'><strong>ad·</strong></span> 
     </span>
     <span class='ocr_line' id='line_1_22' title="bbox 101 2383 1159 2468; baseline -0.003 -22"><span class='ocrx_word' id='word_1_161' title='bbox 101 2385 204 2466; x_wconf 80' lang='lat' dir='ltr'><strong>Georg.</strong></span> <span class='ocrx_word' id='word_1_162' title='bbox 234 2384 266 2461; x_wconf 92' lang='lat'><strong>1,</strong></span> <span class='ocrx_word' id='word_1_163' title='bbox 290 2390 357 2451; x_wconf 71' lang='lat' dir='ltr'><strong>la:</strong></span> <span class='ocrx_word' id='word_1_164' title='bbox 384 2389 536 2468; x_wconf 82' lang='lat' dir='ltr'><strong>„uncique</strong></span> <span class='ocrx_word' id='word_1_165' title='bbox 566 2405 642 2468; x_wconf 87' lang='lat' dir='ltr'><strong>puer</strong></span> <span class='ocrx_word' id='word_1_166' title='bbox 671 2396 848 2450; x_wconf 87' lang='lat' dir='ltr'><strong>monstrator</strong></span> <span class='ocrx_word' id='word_1_167' title='bbox 874 2387 994 2449; x_wconf 87' lang='lat' dir='ltr'><strong>aratri“</strong></span> <span class='ocrx_word' id='word_1_168' title='bbox 1020 2421 1063 2434; x_wconf 89' lang='lat'><strong>—-</strong></span> <span class='ocrx_word' id='word_1_169' title='bbox 1094 2383 1159 2445; x_wconf 90' lang='lat' dir='ltr'><strong>ubi:</strong></span> 
     </span>
     <span class='ocr_line' id='line_1_23' title="bbox 98 2465 1160 2554; baseline -0.004 -20"><span class='ocrx_word' id='word_1_170' title='bbox 98 2471 170 2547; x_wconf 85' lang='lat' dir='ltr'><strong>Alii,</strong></span> <span class='ocrx_word' id='word_1_171' title='bbox 195 2465 315 2552; x_wconf 61' lang='lat' dir='ltr'><strong>iuquit}</strong></span> <span class='ocrx_word' id='word_1_172' title='bbox 338 2473 567 2554; x_wconf 85' lang='lat' dir='ltr'><strong>Triptolemum,</strong></span> <span class='ocrx_word' id='word_1_173' title='bbox 599 2472 653 2534; x_wconf 92' lang='lat' dir='ltr'><strong>alii</strong></span> <span class='ocrx_word' id='word_1_174' title='bbox 679 2474 779 2537; x_wconf 87' lang='lat' dir='ltr'><strong>Osirin</strong></span> <span class='ocrx_word' id='word_1_175' title='bbox 808 2472 922 2548; x_wconf 83' lang='lat' dir='ltr'><strong>uolunt,</strong></span> <span class='ocrx_word' id='word_1_176' title='bbox 956 2471 1037 2552; x_wconf 82' lang='lat' dir='ltr'><strong>quod</strong></span> <span class='ocrx_word' id='word_1_177' title='bbox 1064 2469 1160 2548; x_wconf 85' lang='lat' dir='ltr'><strong>magis</strong></span> 
     </span>
     <span class='ocr_line' id='line_1_24' title="bbox 99 2553 1179 2638; baseline -0.002 -19"><span class='ocrx_word' id='word_1_178' title='bbox 99 2574 193 2620; x_wconf 87' lang='lat' dir='ltr'><strong>rernm</strong></span> <span class='ocrx_word' id='word_1_179' title='bbox 216 2567 278 2632; x_wconf 86' lang='lat' dir='ltr'><strong>est,</strong></span> <span class='ocrx_word' id='word_1_180' title='bbox 307 2567 340 2621; x_wconf 89' lang='lat' dir='ltr'><strong>ut</strong></span> <span class='ocrx_word' id='word_1_181' title='bbox 360 2557 432 2622; x_wconf 87' lang='lat' dir='ltr'><strong>dioit</strong></span> <span class='ocrx_word' id='word_1_182' title='bbox 452 2558 684 2638; x_wconf 85' lang='lat' dir='ltr'><strong>Propertius</strong></span> <span class='ocrx_word' id='word_1_183' title='bbox 710 2560 773 2625; x_wconf 83' lang='lat' dir='ltr'><strong>rel</strong></span> <span class='ocrx_word' id='word_1_184' title='bbox 800 2557 994 2621; x_wconf 83' lang='lat' dir='ltr'><strong>Tibullus.</strong></span> <span class='ocrx_word' id='word_1_185' title='bbox 1045 2553 1179 2619; x_wconf 79' lang='lat' dir='ltr'><strong>Tibulli-</strong></span> 
     </span>
     <span class='ocr_line' id='line_1_25' title="bbox 99 2641 1185 2725; baseline -0.002 -21"><span class='ocrx_word' id='word_1_186' title='bbox 99 2644 169 2704; x_wconf 92' lang='lat' dir='ltr'><strong>enim</strong></span> <span class='ocrx_word' id='word_1_187' title='bbox 190 2644 290 2706; x_wconf 91' lang='lat' dir='ltr'><strong>loeum</strong></span> <span class='ocrx_word' id='word_1_188' title='bbox 309 2643 358 2706; x_wconf 88' lang='lat' dir='ltr'><strong>El.</strong></span> <span class='ocrx_word' id='word_1_189' title='bbox 379 2644 411 2721; x_wconf 90' lang='lat'><strong>1,</strong></span> <span class='ocrx_word' id='word_1_190' title='bbox 433 2648 471 2722; x_wconf 85' lang='lat'><strong>7,</strong></span> <span class='ocrx_word' id='word_1_191' title='bbox 493 2649 546 2710; x_wconf 76' lang='lat'><strong>29.</strong></span> <span class='ocrx_word' id='word_1_192' title='bbox 567 2643 791 2724; x_wconf 80' lang='lat' dir='ltr'><strong>intelligendum</strong></span> <span class='ocrx_word' id='word_1_193' title='bbox 817 2662 884 2708; x_wconf 92' lang='lat' dir='ltr'><strong>esse</strong></span> <span class='ocrx_word' id='word_1_194' title='bbox 909 2645 975 2725; x_wconf 90' lang='lat' dir='ltr'><strong>ipse</strong></span> <span class='ocrx_word' id='word_1_195' title='bbox 995 2641 1161 2706; x_wconf 86' lang='lat' dir='ltr'><strong>Laobman-</strong></span> <span class='ocrx_word' id='word_1_196' title='bbox 1183 2693 1185 2702; x_wconf 18' lang='grc' dir='ltr'><em>Α</em></span> 
     </span>
     <span class='ocr_line' id='line_1_26' title="bbox 98 2730 253 2792; baseline 0.013 -2"><span class='ocrx_word' id='word_1_197' title='bbox 98 2745 148 2790; x_wconf 88' lang='lat' dir='ltr'><strong>nus</strong></span> <span class='ocrx_word' id='word_1_198' title='bbox 168 2730 253 2792; x_wconf 80' lang='lat' dir='ltr'><strong>uidit.</strong></span> 
     </span>
    </p>

    <p class='ocr_par' dir='ltr' id='par_1_8' title="bbox 99 2811 1161 3071">
     <span class='ocr_line' id='line_1_27' title="bbox 192 2811 1161 2898; baseline -0.004 -22"><span class='ocrx_word' id='word_1_199' title='bbox 192 2815 265 2876; x_wconf 89' lang='lat' dir='ltr'><strong>Istis</strong></span> <span class='ocrx_word' id='word_1_200' title='bbox 289 2813 382 2894; x_wconf 82' lang='lat' dir='ltr'><strong>igitur</strong></span> <span class='ocrx_word' id='word_1_201' title='bbox 408 2815 506 2878; x_wconf 84' lang='lat' dir='ltr'><strong>nausis</strong></span> <span class='ocrx_word' id='word_1_202' title='bbox 536 2816 659 2898; x_wconf 82' lang='lat' dir='ltr'><strong>antiqua</strong></span> <span class='ocrx_word' id='word_1_203' title='bbox 684 2815 836 2897; x_wconf 89' lang='lat' dir='ltr'><strong>Propertii</strong></span> <span class='ocrx_word' id='word_1_204' title='bbox 864 2812 1046 2896; x_wconf 82' lang='lat' dir='ltr'><strong>exemplaria</strong></span> <span class='ocrx_word' id='word_1_205' title='bbox 1072 2811 1161 2894; x_wconf 80' lang='lat' dir='ltr'><strong>pluro</strong></span> 
     </span>
     <span class='ocr_line' id='line_1_28' title="bbox 99 2896 1160 2984; baseline 0 -24"><span class='ocrx_word' id='word_1_206' title='bbox 99 2900 275 2963; x_wconf 77' lang='lat' dir='ltr'><strong>continuisse</strong></span> <span class='ocrx_word' id='word_1_207' title='bbox 305 2902 452 2979; x_wconf 85' lang='lat' dir='ltr'><strong>earmina,</strong></span> <span class='ocrx_word' id='word_1_208' title='bbox 484 2920 571 2982; x_wconf 86' lang='lat' dir='ltr'><strong>quam</strong></span> <span class='ocrx_word' id='word_1_209' title='bbox 600 2920 677 2984; x_wconf 86' lang='lat' dir='ltr'><strong>quae</strong></span> <span class='ocrx_word' id='word_1_210' title='bbox 705 2902 746 2966; x_wconf 85' lang='lat' dir='ltr'><strong>ad</strong></span> <span class='ocrx_word' id='word_1_211' title='bbox 772 2909 875 2968; x_wconf 86' lang='lat' dir='ltr'><strong>nostra</strong></span> <span class='ocrx_word' id='word_1_212' title='bbox 906 2909 1039 2982; x_wconf 87' lang='lat' dir='ltr'><strong>tempora</strong></span> <span class='ocrx_word' id='word_1_213' title='bbox 1058 2896 1160 2983; x_wconf 84' lang='lat' dir='ltr'><strong>perti-</strong></span> 
     </span>
     <span class='ocr_line' id='line_1_29' title="bbox 99 2987 607 3071; baseline 0.004 -20"><span class='ocrx_word' id='word_1_214' title='bbox 99 2987 230 3069; x_wconf 79' lang='lat' dir='ltr'><strong>nuerint,</strong></span> <span class='ocrx_word' id='word_1_215' title='bbox 249 3003 433 3071; x_wconf 76' lang='lat' dir='ltr'><strong>nequaquam</strong></span> <span class='ocrx_word' id='word_1_216' title='bbox 452 2989 607 3054; x_wconf 74' lang='lat' dir='ltr'><strong>evincitur.</strong></span> 
     </span>
    </p>
   </div>
   <div class='ocr_carea' id='block_1_7' title="bbox 477 3206 786 3295">
    <p class='ocr_par' dir='ltr' id='par_1_9' title="bbox 477 3206 786 3295">
     <span class='ocr_line' id='line_1_30' title="bbox 477 3206 786 3295; baseline -0.003 -16"><span class='ocrx_word' id='word_1_217' title='bbox 477 3206 786 3295; x_wconf 76' lang='lat' dir='ltr'><strong>caputIL</strong></span> 
     </span>
    </p>
   </div>
   <div class='ocr_carea' id='block_1_8' title="bbox 282 3351 970 3422">
    <p class='ocr_par' dir='ltr' id='par_1_10' title="bbox 282 3351 970 3422">
     <span class='ocr_line' id='line_1_31' title="bbox 282 3351 970 3422; baseline -0.006 -18"><span class='ocrx_word' id='word_1_218' title='bbox 282 3353 330 3406; x_wconf 71' lang='lat' dir='ltr'><strong>Pe</strong></span> <span class='ocrx_word' id='word_1_219' title='bbox 352 3351 565 3422; x_wconf 79' lang='lat' dir='ltr'><strong>perturbato</strong></span> <span class='ocrx_word' id='word_1_220' title='bbox 592 3351 679 3407; x_wconf 79' lang='lat' dir='ltr'><strong>libri</strong></span> <span class='ocrx_word' id='word_1_221' title='bbox 704 3351 843 3407; x_wconf 76' lang='lat' dir='ltr'><strong>serendi</strong></span> <span class='ocrx_word' id='word_1_222' title='bbox 865 3354 970 3404; x_wconf 78' lang='lat' dir='ltr'><strong>stato.</strong></span> 
     </span>
    </p>
   </div>
   <div class='ocr_carea' id='block_1_9' title="bbox 196 3481 1273 3574">
    <p class='ocr_par' dir='ltr' id='par_1_11' title="bbox 196 3481 1273 3574">
     <span class='ocr_line' id='line_1_32' title="bbox 196 3481 1273 3574; baseline -0.017 -18"><span class='ocrx_word' id='word_1_223' title='bbox 196 3490 332 3556; x_wconf 79' lang='lat' dir='ltr'><strong>Maiores</strong></span> <span class='ocrx_word' id='word_1_224' title='bbox 353 3491 455 3574; x_wconf 82' lang='lat' dir='ltr'><strong>utique</strong></span> <span class='ocrx_word' id='word_1_225' title='bbox 480 3492 583 3556; x_wconf 87' lang='lat' dir='ltr'><strong>turbas</strong></span> <span class='ocrx_word' id='word_1_226' title='bbox 609 3497 706 3554; x_wconf 89' lang='lat' dir='ltr'><strong>moret</strong></span> <span class='ocrx_word' id='word_1_227' title='bbox 732 3497 819 3556; x_wconf 85' lang='lat' dir='ltr'><strong>nutus</strong></span> <span class='ocrx_word' id='word_1_228' title='bbox 845 3487 898 3552; x_wconf 91' lang='lat' dir='ltr'><strong>ille</strong></span> <span class='ocrx_word' id='word_1_229' title='bbox 925 3485 1012 3548; x_wconf 85' lang='lat' dir='ltr'><strong>loeus</strong></span> <span class='ocrx_word' id='word_1_230' title='bbox 1029 3481 1159 3561; x_wconf 88' lang='lat' dir='ltr'><strong>Proper·</strong></span> <span class='ocrx_word' id='word_1_231' title='bbox 1268 3529 1273 3532; x_wconf 92' lang='lat'>.</span> 
     </span>
    </p>
   </div>
   <div class='ocr_carea' id='block_1_10' title="bbox 101 3565 1160 3744">
    <p class='ocr_par' dir='ltr' id='par_1_12' title="bbox 101 3565 1160 3744">
     <span class='ocr_line' id='line_1_33' title="bbox 101 3565 1160 3660; baseline -0.013 -20"><span class='ocrx_word' id='word_1_232' title='bbox 101 3577 148 3652; x_wconf 87' lang='lat' dir='ltr'><strong>tii,</strong></span> <span class='ocrx_word' id='word_1_233' title='bbox 171 3569 294 3656; x_wconf 82' lang='lat'>11,13‚</span> <span class='ocrx_word' id='word_1_234' title='bbox 317 3577 386 3652; x_wconf 64' lang='lat'><strong>25„</strong></span> <span class='ocrx_word' id='word_1_235' title='bbox 413 3595 471 3660; x_wconf 91' lang='lat' dir='ltr'><strong>qno</strong></span> <span class='ocrx_word' id='word_1_236' title='bbox 499 3595 555 3658; x_wconf 90' lang='lat' dir='ltr'><strong>pro</strong></span> <span class='ocrx_word' id='word_1_237' title='bbox 583 3577 758 3656; x_wconf 82' lang='lat' dir='ltr'><strong>grauissimo</strong></span> <span class='ocrx_word' id='word_1_238' title='bbox 789 3573 951 3642; x_wconf 81' lang='lat' dir='ltr'><strong>sententiae</strong></span> <span class='ocrx_word' id='word_1_239' title='bbox 972 3585 1043 3632; x_wconf 89' lang='lat' dir='ltr'><strong>suae</strong></span> <span class='ocrx_word' id='word_1_240' title='bbox 1063 3565 1160 3628; x_wconf 89' lang='lat' dir='ltr'><strong>lrrma·</strong></span> 
     </span>
     <span class='ocr_line' id='line_1_34' title="bbox 101 3663 1138 3744; baseline -0.006 -19"><span class='ocrx_word' id='word_1_241' title='bbox 101 3673 194 3727; x_wconf 90' lang='lat' dir='ltr'><strong>rnento</strong></span> <span class='ocrx_word' id='word_1_242' title='bbox 216 3665 420 3726; x_wconf 86' lang='lat' dir='ltr'><strong>Luobmaunus</strong></span> <span class='ocrx_word' id='word_1_243' title='bbox 443 3666 486 3744; x_wconf 86' lang='lat' dir='ltr'><strong>(p.</strong></span> <span class='ocrx_word' id='word_1_244' title='bbox 506 3663 616 3742; x_wconf 90' lang='grc' dir='ltr'><strong>ΧΧΙΙ.)</strong></span> <span class='ocrx_word' id='word_1_245' title='bbox 636 3664 703 3725; x_wconf 91' lang='lat' dir='ltr'><strong>iure</strong></span> <span class='ocrx_word' id='word_1_246' title='bbox 723 3663 831 3726; x_wconf 75' lang='lat' dir='ltr'><strong>ubter:</strong></span> <span class='ocrx_word' id='word_1_247' title='bbox 1135 3677 1138 3684; x_wconf 90' lang='lat'><em>·</em></span> 
     </span>
    </p>
   </div>
   <div class='ocr_carea' id='block_1_11' title="bbox 236 3773 1085 3916">
    <p class='ocr_par' dir='ltr' id='par_1_13' title="bbox 236 3773 1085 3916">
     <span class='ocr_line' id='line_1_35' title="bbox 236 3773 1085 3847; baseline -0.011 -15"><span class='ocrx_word' id='word_1_248' title='bbox 236 3782 288 3832; x_wconf 77' lang='lat' dir='ltr'><strong>Sul</strong></span> <span class='ocrx_word' id='word_1_249' title='bbox 304 3795 377 3844; x_wconf 84' lang='lat' dir='ltr'><strong>meo,</strong></span> <span class='ocrx_word' id='word_1_250' title='bbox 394 3788 439 3833; x_wconf 85' lang='lat' dir='ltr'><strong>sut</strong></span> <span class='ocrx_word' id='word_1_251' title='bbox 455 3796 551 3847; x_wconf 80' lang='lat' dir='ltr'><strong>mopere</strong></span> <span class='ocrx_word' id='word_1_252' title='bbox 570 3788 624 3847; x_wconf 87' lang='lat' dir='ltr'><strong>est,</strong></span> <span class='ocrx_word' id='word_1_253' title='bbox 642 3784 666 3834; x_wconf 81' lang='lat' dir='ltr'><strong>el</strong></span> <span class='ocrx_word' id='word_1_254' title='bbox 683 3789 756 3833; x_wconf 82' lang='lat' dir='ltr'><strong>tres</strong></span> <span class='ocrx_word' id='word_1_255' title='bbox 775 3781 828 3832; x_wconf 61' lang='lat' dir='ltr'><strong>mot</strong></span> <span class='ocrx_word' id='word_1_256' title='bbox 843 3793 942 3846; x_wconf 78' lang='lat' dir='ltr'><strong>pompa</strong></span> <span class='ocrx_word' id='word_1_257' title='bbox 957 3773 1085 3840; x_wconf 78' lang='lat' dir='ltr'><strong>libelli,</strong></span> 
     </span>
     <span class='ocr_line' id='line_1_36' title="bbox 268 3849 933 3916; baseline -0.006 -14"><span class='ocrx_word' id='word_1_258' title='bbox 268 3850 339 3912; x_wconf 84' lang='lat' dir='ltr'><strong>Quos</strong></span> <span class='ocrx_word' id='word_1_259' title='bbox 357 3863 404 3916; x_wconf 75' lang='lat' dir='ltr'><strong>epo</strong></span> <span class='ocrx_word' id='word_1_260' title='bbox 421 3850 601 3916; x_wconf 79' lang='lat' dir='ltr'><strong>Persephonae</strong></span> <span class='ocrx_word' id='word_1_261' title='bbox 621 3852 739 3902; x_wconf 74' lang='lat' dir='ltr'><strong>neonium</strong></span> <span class='ocrx_word' id='word_1_262' title='bbox 755 3849 824 3900; x_wconf 82' lang='lat' dir='ltr'><strong>dono</strong></span> <span class='ocrx_word' id='word_1_263' title='bbox 840 3849 933 3914; x_wconf 75' lang='lat' dir='ltr'><strong>serum.</strong></span> 
     </span>
    </p>
   </div>
   <div class='ocr_carea' id='block_1_12' title="bbox 103 3949 1163 4378">
    <p class='ocr_par' dir='ltr' id='par_1_14' title="bbox 103 3949 1163 4378">
     <span class='ocr_line' id='line_1_37' title="bbox 103 3949 1161 4035; baseline -0.009 -21"><span class='ocrx_word' id='word_1_264' title='bbox 103 3953 193 4030; x_wconf 81' lang='lat' dir='ltr'><strong>Quem</strong></span> <span class='ocrx_word' id='word_1_265' title='bbox 225 3970 357 4029; x_wconf 83' lang='lat' dir='ltr'><strong>uersum,</strong></span> <span class='ocrx_word' id='word_1_266' title='bbox 389 3971 564 4035; x_wconf 85' lang='lat' dir='ltr'><strong>quamquam</strong></span> <span class='ocrx_word' id='word_1_267' title='bbox 591 3954 672 4015; x_wconf 90' lang='lat' dir='ltr'><strong>libro</strong></span> <span class='ocrx_word' id='word_1_268' title='bbox 703 3954 826 4017; x_wconf 84' lang='lat' dir='ltr'><strong>tertio</strong></span> <span class='ocrx_word' id='word_1_269' title='bbox 857 3959 908 4014; x_wconf 85' lang='lat' dir='ltr'><strong>aut</strong></span> <span class='ocrx_word' id='word_1_270' title='bbox 938 3949 1076 4012; x_wconf 87' lang='lat' dir='ltr'><strong>absoluto</strong></span> <span class='ocrx_word' id='word_1_271' title='bbox 1110 3952 1161 4006; x_wconf 86' lang='lat' dir='ltr'><strong>ant</strong></span> 
     </span>
     <span class='ocr_line' id='line_1_38' title="bbox 103 4030 1161 4121; baseline -0.01 -21"><span class='ocrx_word' id='word_1_272' title='bbox 103 4049 180 4102; x_wconf 85' lang='lat' dir='ltr'><strong>oerte</strong></span> <span class='ocrx_word' id='word_1_273' title='bbox 199 4040 292 4102; x_wconf 86' lang='lat' dir='ltr'><strong>soribi</strong></span> <span class='ocrx_word' id='word_1_274' title='bbox 311 4049 418 4120; x_wconf 87' lang='lat' dir='ltr'><strong>eoepto</strong></span> <span class='ocrx_word' id='word_1_275' title='bbox 440 4039 630 4121; x_wconf 85' lang='lat' dir='ltr'><strong>compositum</strong></span> <span class='ocrx_word' id='word_1_276' title='bbox 651 4057 684 4102; x_wconf 89' lang='lat' dir='ltr'><strong>se</strong></span> <span class='ocrx_word' id='word_1_277' title='bbox 705 4057 770 4101; x_wconf 88' lang='lat' dir='ltr'><strong>esse</strong></span> <span class='ocrx_word' id='word_1_278' title='bbox 790 4041 856 4120; x_wconf 88' lang='lat' dir='ltr'><strong>ipse</strong></span> <span class='ocrx_word' id='word_1_279' title='bbox 874 4045 1013 4109; x_wconf 82' lang='lat' dir='ltr'><strong>testatur,</strong></span> <span class='ocrx_word' id='word_1_280' title='bbox 1033 4035 1064 4095; x_wconf 92' lang='lat' dir='ltr'><strong>in</strong></span> <span class='ocrx_word' id='word_1_281' title='bbox 1082 4030 1161 4092; x_wconf 92' lang='lat' dir='ltr'><strong>libro</strong></span> 
     </span>
     <span class='ocr_line' id='line_1_39' title="bbox 104 4118 1161 4207; baseline -0.009 -21"><span class='ocrx_word' id='word_1_282' title='bbox 104 4124 266 4188; x_wconf 87' lang='lat' dir='ltr'><strong>seeundo</strong></span> <span class='ocrx_word' id='word_1_283' title='bbox 289 4126 430 4202; x_wconf 80' lang='lat' dir='ltr'><strong>inueniri,</strong></span> <span class='ocrx_word' id='word_1_284' title='bbox 454 4127 520 4207; x_wconf 86' lang='lat' dir='ltr'><strong>quis</strong></span> <span class='ocrx_word' id='word_1_285' title='bbox 547 4135 591 4189; x_wconf 87' lang='lat' dir='ltr'><strong>est</strong></span> <span class='ocrx_word' id='word_1_286' title='bbox 618 4126 690 4206; x_wconf 87' lang='lat' dir='ltr'><strong>quin</strong></span> <span class='ocrx_word' id='word_1_287' title='bbox 719 4126 785 4187; x_wconf 92' lang='lat' dir='ltr'><strong>iure</strong></span> <span class='ocrx_word' id='word_1_288' title='bbox 808 4127 929 4187; x_wconf 89' lang='lat' dir='ltr'><strong>miratus</strong></span> <span class='ocrx_word' id='word_1_289' title='bbox 954 4121 1015 4184; x_wconf 76' lang='lat' dir='ltr'><strong>siti</strong></span> <span class='ocrx_word' id='word_1_290' title='bbox 1057 4118 1161 4195; x_wconf 85' lang='lat' dir='ltr'><strong>ltaque</strong></span> 
     </span>
     <span class='ocr_line' id='line_1_40' title="bbox 105 4200 1163 4286; baseline -0.008 -15"><span class='ocrx_word' id='word_1_291' title='bbox 105 4211 155 4271; x_wconf 93' lang='lat' dir='ltr'><strong>alii</strong></span> <span class='ocrx_word' id='word_1_292' title='bbox 180 4211 276 4273; x_wconf 86' lang='lat' dir='ltr'><strong>lorum</strong></span> <span class='ocrx_word' id='word_1_293' title='bbox 303 4229 403 4273; x_wconf 87' lang='lat' dir='ltr'><strong>sanum</strong></span> <span class='ocrx_word' id='word_1_294' title='bbox 431 4212 607 4276; x_wconf 86' lang='lat' dir='ltr'><strong>coniecturis</strong></span> <span class='ocrx_word' id='word_1_295' title='bbox 633 4219 799 4286; x_wconf 82' lang='lat' dir='ltr'><strong>tentarunt,</strong></span> <span class='ocrx_word' id='word_1_296' title='bbox 826 4219 855 4274; x_wconf 91' lang='lat' dir='ltr'><strong>et</strong></span> <span class='ocrx_word' id='word_1_297' title='bbox 879 4209 1019 4271; x_wconf 85' lang='lat' dir='ltr'><strong>Heinsius</strong></span> <span class='ocrx_word' id='word_1_298' title='bbox 1044 4200 1163 4286; x_wconf 82' lang='lat' dir='ltr'><strong>quiden</strong></span> 
     </span>
     <span class='ocr_line' id='line_1_41' title="bbox 106 4294 992 4378; baseline -0.001 -21"><span class='ocrx_word' id='word_1_299' title='bbox 106 4295 298 4362; x_wconf 78' lang='lat' dir='ltr'><strong>audacissimo</strong></span> <span class='ocrx_word' id='word_1_300' title='bbox 321 4306 429 4360; x_wconf 84' lang='lat' dir='ltr'><strong>conatu</strong></span> <span class='ocrx_word' id='word_1_301' title='bbox 451 4298 524 4362; x_wconf 86' lang='lat' dir='ltr'><strong>satis</strong></span> <span class='ocrx_word' id='word_1_302' title='bbox 544 4297 686 4361; x_wconf 86' lang='lat' dir='ltr'><strong>elumbem</strong></span> <span class='ocrx_word' id='word_1_303' title='bbox 704 4315 820 4361; x_wconf 81' lang='lat' dir='ltr'><strong>uersum</strong></span> <span class='ocrx_word' id='word_1_304' title='bbox 839 4294 992 4378; x_wconf 85' lang='lat' dir='ltr'><strong>procudit:</strong></span> 
     </span>
    </p>
   </div>
   <div class='ocr_carea' id='block_1_13' title="bbox 236 4411 1132 4486">
    <p class='ocr_par' dir='ltr' id='par_1_15' title="bbox 236 4411 1132 4486">
     <span class='ocr_line' id='line_1_42' title="bbox 236 4411 1132 4486; baseline 0.017 -21"><span class='ocrx_word' id='word_1_305' title='bbox 236 4414 338 4482; x_wconf 76' lang='lat' dir='ltr'><strong>Mopoo</strong></span> <span class='ocrx_word' id='word_1_306' title='bbox 354 4415 440 4485; x_wconf 79' lang='lat' dir='ltr'><strong>sotis,</strong></span> <span class='ocrx_word' id='word_1_307' title='bbox 461 4414 512 4468; x_wconf 79' lang='lat' dir='ltr'><strong>duo</strong></span> <span class='ocrx_word' id='word_1_308' title='bbox 529 4422 613 4470; x_wconf 72' lang='lat' dir='ltr'><strong>oreore</strong></span> <span class='ocrx_word' id='word_1_309' title='bbox 629 4415 680 4470; x_wconf 76' lang='lat' dir='ltr'><strong>mei</strong></span> <span class='ocrx_word' id='word_1_310' title='bbox 695 4415 749 4470; x_wconf 80' lang='lat' dir='ltr'><strong>siai</strong></span> <span class='ocrx_word' id='word_1_311' title='bbox 765 4424 862 4486; x_wconf 76' lang='lat' dir='ltr'><strong>pompa</strong></span> <span class='ocrx_word' id='word_1_312' title='bbox 878 4411 958 4466; x_wconf 80' lang='lat' dir='ltr'><strong>libelli</strong></span> <span class='ocrx_word' id='word_1_313' title='bbox 975 4435 1010 4452; x_wconf 88' lang='lat'><strong>·-·</strong></span> <span class='ocrx_word' id='word_1_314' title='bbox 1126 4471 1132 4480; x_wconf 85' lang='lat'>.</span> 
     </span>
    </p>
   </div>
   <div class='ocr_carea' id='block_1_14' title="bbox 0 0 1418 4974">
    <p class='ocr_par' dir='ltr' id='par_1_16' title="bbox 0 0 1418 4974">
     <span class='ocr_line' id='line_1_43' title="bbox 0 0 1418 4974; baseline 0 0"><span class='ocrx_word' id='word_1_315' title='bbox 0 0 1418 4974; x_wconf 95' lang='lat' dir='ltr'><strong> </strong></span> 
     </span>
    </p>
   </div>
  </div>
 </body>
</html>
