2762 4972
195 315 269 398 136
507 333 700 394 Quaestionum
718 331 955 392 trassucconem.

198 507 274 572 nihil
295 507 372 573 euim
397 515 451 571 est.
494 505 599 588 ltaque
625 507 669 570 siu
695 504 815 588 accipe:
843 523 908 568 oum
935 503 1117 568 columba
1147 504 1281 584 Argoa

201 592 308 676 (subi.)
341 592 471 656 adesset
506 593 647 674 (praed).
705 592 790 656 Unde
826 592 912 676 simul
945 600 1086 672 apparet,
1127 591 1277 671 quomodo

200 682 276 743 baec
303 679 479 759 significatio
500 679 658 760 Propertio
684 677 840 739 admodum
862 677 1019 738 familiaris
1052 693 1089 738 ex
1118 679 1278 757 superiore

202 775 286 829 recte
302 765 472 828 deducatur.
517 766 568 828 Sic
589 773 684 827 autern
705 764 857 842 intelligas
876 762 928 837 ΙΙΙ,
946 767 994 837 ΙΙ,
1011 766 1079 826 lla
1101 763 1280 825 Aetnaeo

202 852 364 915 fulmine
392 860 513 932 partus;
542 850 601 926 111,
622 855 659 924 s,
682 854 749 914 tl:
780 848 835 911 lile
865 849 962 929 potest
995 849 1105 910 nullo
1142 849 1281 910 miserum
1363 851 1364 900 i

202 955 250 1000 me
274 938 410 1018 linquere
441 935 558 998 lacto.
607 936 898 1016 lliueiuterpretati
931 932 1281 1011 sumusl,l9,19.:

202 1041 283 1086 mea
307 1020 471 1096 turilla3
497 1020 529 1096 l,
552 1024 603 1096 21,
625 1025 672 1084 3.;
700 1030 834 1084 nostro
859 1020 1009 1100 gemitu.
1052 1019 1168 1082 Durius
1193 1020 1279 1082 etiam

200 1109 244 1185 11,
266 1111 324 1184 24,
348 1110 417 1172 45.:
453 1106 638 1182 „Iasonia
667 1105 779 1172 Medea
810 1107 972 1169 cariua“
1001 1114 1047 1180 et,
1077 1105 1163 1187 quod
1193 1105 1282 1186 primi

205 1212 260 1257 uos
281 1193 498 1275 expedivimus,
526 1193 582 1268 ΙΙΙ,
605 1196 660 1267 11,
682 1196 752 1257 40.;
782 1191 897 1272 Quique
917 1202 983 1253 tuas
1009 1208 1159 1272 proauo
1190 1192 1281 1271 tregit

200 1280 359 1343 Achille
380 1279 519 1352 domus,
541 1279 570 1340 h.
584 1295 611 1340 e.
629 1278 732 1358 quibus
753 1277 846 1353 adest,
866 1277 912 1341 uel
931 1295 1003 1358 quas
1025 1287 1128 1341 tuetur
1148 1295 1279 1359 proauus
1363 1355 1364 1362 ἵ

201 1364 343 1429 Achilles.
388 1363 475 1441 Quod
502 1374 598 1426 tamen
621 1365 775 1445 superiore
803 1363 938 1444 exemplo
967 1371 1047 1426 tauto
1076 1372 1124 1427 est
1149 1363 1279 1438 facilius,
1363 1363 1364 1432 i

202 1461 311 1532 quanto
333 1453 456 1534 propius
477 1449 504 1511 ei
524 1450 643 1529 generi,
666 1449 744 1531 quod
766 1467 822 1529 per
842 1449 961 1531 ellipsin
982 1449 1138 1529 participii
1160 1444 1279 1530 prae·

202 1537 305 1600 ditus
332 1537 381 1600 uel
411 1536 548 1598 similium
578 1537 675 1599 solent
714 1534 883 1616 explicare,
914 1533 1004 1616 quale
1031 1535 1113 1616 apud
1143 1545 1276 1596 nostrum
1363 1535 1364 1574 Ι

200 1623 244 1697 ΙΙ,
265 1627 316 1698 33,
335 1625 401 1686 lta:
423 1622 547 1683 tuscis
568 1623 718 1703 Aegyptus
738 1621 912 1683 alumnis.
955 1619 1041 1682 nude
1062 1622 1105 1694 ΙΙ,
1127 1625 1182 1684 30.
1204 1631 1277 1682 extr.
1363 1687 1364 1692 ἵ

201 1712 254 1783 32,
267 1712 316 1773 ΙΙ.
335 1717 372 1783 et,
395 1705 472 1788 quod
488 1707 685 1770 collocutione
699 1707 857 1770 verborum
871 1705 973 1769 durius
996 1714 1049 1782 est,
1070 1705 1122 1780 lV,
1141 1710 1193 1780 Ιο,
1209 1710 1277 1768 lu:
1363 1763 1364 1780 ,

200 1793 375 1872 uirgatis
407 1793 563 1855 iaculantis
593 1794 630 1855 ab
661 1793 816 1871 agmine
849 1791 1019 1854 braccis.
1069 1792 1149 1854 llinc
1183 1791 1277 1852 lucem
1363 1807 1364 1844 2

201 1881 310 1960 accipit
331 1881 415 1942 locus
435 1895 493 1940 uon
514 1879 586 1940 satis
606 1880 643 1941 ab
663 1879 874 1960 interpretibus
896 1877 1062 1940 intellectus
1081 1878 1119 1953 ΙΙ,
1140 1879 1193 1953 25,
1212 1878 1277 1942 dia:
1363 1889 1364 1952 ᾗ

201 1965 229 2028 si
257 1965 385 2028 saecla
412 1964 511 2027 forent
545 1966 714 2044 antiquis
742 1973 830 2044 grata
859 1963 1025 2045 puellis,
1057 1963 1110 2024 ubi
1140 1981 1180 2024 ue
1211 1981 1276 2024 an·

200 2051 321 2130 tiquis
353 2049 500 2130 puellis
531 2067 588 2130 pro
618 2049 716 2113 datiro
744 2048 947 2130 accipiendum
976 2057 1004 2111 et
1033 2065 1097 2110 cum
1126 2047 1273 2112 uocabulo
1363 2055 1364 2062 ’

201 2145 317 2214 grata
346 2134 579 2214 coniungendam
603 2153 741 2210 censeas,
769 2136 807 2197 oi.
831 2144 861 2198 et
888 2152 964 2215 quae
986 2133 1023 2196 de
1052 2135 1271 2216 hyperbato
1363 2133 1364 2208 j

201 2221 399 2302 Propertiano
422 2221 549 2283 diximus
571 2230 600 2282 et
620 2221 668 2284 ΕΙ.
686 2221 722 2294 ΙΙ,
738 2225 847 2296 2,10.;
869 2220 1060 2283 Ischomache
1082 2258 1125 2268 -
1149 2219 1268 2282 medio
1363 2219 1364 2266 ἒ

199 2317 315 2386 grata
350 2304 488 2387 rapina
524 2324 641 2382 mero,
676 2304 755 2386 quod
792 2305 895 2369 eodem
931 2305 1018 2368 modo
1054 2315 1145 2387 atque
1183 2322 1271 2386 supra
1363 2305 1364 2384 j

149 2415 151 2419 ·
200 2395 368 2457 Aetnaeo
391 2393 549 2453 iulmiue
576 2403 711 2473 partus
734 2390 924 2468 dictumest,
951 2392 973 2454 i.
997 2410 1022 2454 e.
1044 2393 1124 2455 inter
1147 2391 1271 2454 medium
1363 2463 1364 2466 Ἴ

200 2497 320 2540 merum.
365 2479 439 2541 Hine
467 2477 576 2559 duplex
604 2496 674 2539 usus
702 2487 784 2540 ortus
814 2487 843 2541 et
872 2496 957 2558 quem
980 2479 1091 2558 primus
1122 2479 1154 2540 ui
1183 2477 1273 2539 tollor

200 2563 328 2626 Iacobus
351 2575 431 2627 recte
452 2564 598 2627 intellexit
620 2563 673 2645 (ad
692 2562 740 2627 ΕΙ.
759 2564 810 2647 ΙΙΙ,
832 2565 862 2638 8,
886 2562 968 2644 tu),
990 2573 1022 2626 ut
1049 2563 1200 2628 ablativus
1223 2568 1272 2623 aut

198 2648 291 2712 uerbo
313 2649 393 2712 fruito
416 2652 568 2731 appositus
592 2649 683 2713 dativi
702 2651 782 2713 uiues
806 2649 953 2720 sustinere
977 2658 1027 2713 aut
1048 2667 1112 2712 uum
1135 2651 1272 2711 substau-
1363 2661 1364 2736 g

198 2736 260 2798 tiro
282 2735 382 2816 aliquo
405 2737 513 2799 nullius
534 2737 618 2800 uerbi
642 2736 753 2798 cornilio
774 2736 867 2798 artius
890 2737 1061 2798 coniunctus
1083 2753 1140 2816 pro
1163 2733 1270 2814 geui-

198 2822 277 2883 tiuo
308 2824 422 2902 positus
453 2840 519 2885 esse
540 2821 691 2898 uideatur,
720 2819 800 2884 uelut
821 2821 877 2897 tv,
899 2826 936 2898 3,
957 2825 1027 2885 03.;
1057 2821 1121 2896 Ne,
1150 2836 1268 2903 precor,
1363 2833 1364 2850 ³

200 2908 374 2969 ascensis
396 2910 470 2971 tanti
495 2911 533 2970 sit
561 2908 693 2986 gloria
713 2906 891 2982 Bactris,
915 2907 962 2969 oui
985 2907 1067 2968 nullo
1090 2926 1187 2989 paene
1210 2905 1269 2966 dis·

198 2993 320 3055 orimiue
350 2994 440 3058 distat
467 2996 612 3072 genitivus
641 2994 688 3054 ΕΙ.
714 2991 773 3069 ΙΠ,
798 2997 853 3069 Ι2,
883 2997 928 3055 3..
958 2993 1085 3056 Tantiue
1117 2994 1181 3055 ulla
1206 2991 1267 3069 ¹init

198 3079 364 3158 spoliati
384 3080 518 3159 gloria
536 3079 696 3143 Parthi?
718 3109 761 3118 —
804 3077 909 3158 ltaque
929 3076 997 3152 Lol,
1012 3082 1063 3141 13.
1086 3096 1159 3158 pro:
1182 3075 1269 3138 mul-

196 3165 248 3227 tis
279 3163 368 3228 decus
396 3165 546 3228 artibus
574 3165 718 3225 -alius
746 3163 876 3226 fortusse
902 3164 1102 3226 multarum
1129 3165 1266 3227 artium

198 3251 375 3330 scripsisset.
404 3252 601 3330 ·Quramquam
622 3250 678 3311 hou
702 3251 767 3329 ipso
791 3250 924 3330 exemplo
949 3259 1089 3330 apparet,
1113 3268 1200 3330 quam
1222 3248 1267 3308 Ι-

196 3335 263 3398 uilis
286 3337 352 3399 binc
375 3337 414 3398 sit
442 3339 584 3398 transitus
611 3335 650 3397 ad
671 3335 830 3397 ablativum
855 3336 1055 3410 instrumenti,
1083 3354 1142 3415 quo
1170 3345 1265 3398 tumen

197 3421 263 3482 solo
285 3421 397 3484 trustra
419 3420 560 3501 expedias
586 3421 810 3494 audacissimum
837 3421 911 3484 illud
933 3421 978 3496 ΙΙ,
1001 3424 1059 3496 34,
1081 3427 1150 3486 er.:
1178 3420 1265 3483 muita

195 3508 371 3570 formosa
397 3506 590 3586 Lycoride
618 3508 742 3571 uulnera
762 3539 804 3550 -
829 3507 850 3568 i.
873 3525 901 3568 e.
922 3526 941 3569 a
962 3507 1094 3568 formosa
1119 3504 1264 3588 Lycoride

195 3593 317 3654 indicta.
370 3590 456 3654 nude
482 3592 527 3667 ΙΙ,
553 3597 607 3667 Ι3,
632 3598 700 3656 23.;
735 3590 895 3655 odoriferis
930 3591 1026 3654 ordo
1062 3592 1264 3663 lancibus;

195 3678 240 3753 11,
263 3681 321 3754 32,
346 3683 411 3740 Ι3.;
432 3678 547 3740 'creber
573 3678 749 3760 platanis
780 3679 969 3757 surgentibus
999 3677 1102 3741 ordo.
1147 3677 1207 3741 Sed
1228 3675 1263 3736 de
1363 3701 1364 3706 ¹

196 3765 293 3826 altero
316 3763 402 3826 modo
424 3772 456 3827 ut
478 3762 623 3826 dicamus:
645 3765 693 3826 hio
715 3780 806 3844 saepe
827 3765 871 3826 ita
892 3765 1030 3846 imposuit
1052 3764 1113 3828 VV.
1132 3765 1212 3837 bb„
1231 3766 1262 3822 ut

196 3848 361 3912 obsoletum
385 3849 548 3912 datiuum
571 3851 657 3912 Ennii
679 3867 814 3912 sermone
835 3849 884 3911 uel
905 3851 1075 3930 Scipionum
1098 3865 1263 3912 mouumen-

193 3938 231 3998 tis
252 3933 373 4014 dignum
389 3935 548 4016 Propertio
570 3935 729 3998 obtrudere
752 3945 947 4010 conarentur,
967 3937 1048 3999 uelut
1068 3935 1118 4011 tv,
1139 3941 1170 4010 8,
1191 3937 1257 3997 lu:

196 4021 270 4084 lium
293 4029 404 4084 temere
425 4021 595 4100 anguino
617 4021 749 4086 ereditur
771 4038 837 4082 ore
858 4022 957 4096 uibus,
981 4021 1003 4082 i.
1026 4039 1051 4083 e.
1074 4037 1136 4083 cum
1159 4017 1261 4083 adsit

201 4116 231 4170 et
258 4116 357 4171 teneat
386 4123 419 4168 us
447 4109 622 4186 anguinum,
652 4116 749 4171 tamen
779 4106 910 4171 creditur
938 4108 966 4170 ei
993 4107 1087 4172 cibus.
1138 4105 1197 4170 Sed
1225 4117 1260 4164 ue

202 4199 253 4255 eut
279 4193 343 4269 bic,
371 4200 422 4254 aut
440 4192 487 4258 ΕΙ.
507 4190 564 4268 ΙΙΙ,
585 4197 607 4258 9
629 4191 890 4271 (i.a.11.),4u.
936 4195 1098 4256 Burmanni
1124 4208 1209 4256 error
1233 4195 1261 4249 te

201 4277 340 4356 seducat,
367 4295 440 4343 uere
461 4278 508 4342 ΕΙ.
530 4279 561 4357 Ι,
582 4281 618 4356 8,
641 4283 692 4344 22.
720 4279 771 4344 rel
791 4277 850 4354 ΙΙΙ,
870 4281 891 4342 4
913 4275 993 4360 (ie.
1014 4278 1076 4360 0.),
1097 4283 1149 4344 20.
1190 4274 1260 4341 Son·
