2822 4976
329 419 332 426 ,
389 351 766 437 ,redibitionum
790 353 843 427 ll.

89 541 113 608 „u
128 526 244 594 Nostri
265 542 346 594 cura
367 524 458 594 subit
477 541 642 612 memores
663 525 708 594 ab
731 525 855 596 ducere
874 529 1018 600 domest

173 627 303 717 Ecquis
326 633 360 697 in
383 635 532 696 extremo
554 635 662 698 restat
683 649 795 699 amore
816 627 934 701 locust

128 733 184 802 An
206 736 241 800 te
262 736 377 803 nescio
399 734 473 820 quis
496 733 661 800 simulatis
683 735 816 827 ignibus
839 733 949 804 hostis

170 835 314 906 Sustulit
335 855 356 904 e
376 837 522 919 nostris,
544 834 706 923 Cynthia,
725 834 949 907 carminibus?

125 941 240 1026 Atque
262 941 386 1006 utinam
406 956 505 1032 mage
528 946 563 1007 te
583 942 684 1007 remis
707 940 833 1008 conlisa
852 943 988 1012 minutis

83 1057 111 1102 ιο
166 1042 314 1110 Parvula
336 1046 488 1138 Lucrina·
501 1043 617 1129 cymba
638 1050 783 1111 moretur
803 1062 903 1132 aqua,

124 1146 196 1214 Aut
218 1152 330 1215 teneat
351 1145 500 1215 clausam
521 1146 851 1218 tenuiTeutbrantis
872 1149 908 1217 iu
929 1148 1018 1218 unda

168 1247 331 1315 Alteruae
351 1248 461 1316 facilis
484 1247 605 1316 cedere
625 1249 760 1336 lympha
781 1261 891 1336 manu,

126 1350 235 1446 Quom
256 1360 357 1421 vacet
378 1355 518 1436 alterius
540 1351 679 1421 blandos
702 1352 819 1421 audire
839 1373 996 1427 susurros

167 1455 313 1525 Molliter
333 1455 368 1524 in
390 1458 492 1526 tacito
512 1453 611 1526 litore
629 1462 853 1550 compositam,

81 1577 109 1624 u
125 1559 172 1630 Ut
193 1558 280 1634 solet
301 1565 410 1626 amoto
433 1559 502 1630 labi
523 1561 663 1630 custode
685 1564 796 1650 puella

168 1667 318 1753 Perfida,
340 1687 527 1739 communes
550 1687 614 1737 nec
634 1673 825 1737 meminisse
848 1667 931 1738 deos
938 1693 949 1758 3

123 1771 200 1839 Nou
222 1773 301 1859 quia
322 1779 501 1858 perspecta
521 1791 585 1839 non
608 1789 647 1838 es
669 1772 747 1840 mihi
769 1776 905 1861 cognita
926 1775 1026 1862 lama,

167 1874 240 1945 Sed
263 1875 406 1963 quadiu
428 1875 493 1943 hac
514 1875 619 1943 omuis
642 1883 739 1963 parte
761 1879 895 1945 timetur
915 1897 1018 1947 amor.

123 1980 287 2071 lguosces
309 1981 430 2068 igitur,
449 1981 481 2046 si
503 1978 581 2066 quid
601 1979 663 2048 tibi
684 1981 782 2048 triste
801 1981 905 2050 libelli

78 2096 107 2165 D
168 2082 349 2151 Attulerimt
368 2084 491 2148 nostri:
513 2083 609 2170 culpa
629 2085 758 2151 timoris
781 2087 854 2153 erit.

122 2188 177 2257 An
200 2183 279 2251 milui
299 2203 386 2252 nuuc
406 2187 510 2252 maior
530 2202 632 2253 carae
652 2184 805 2255 custodia
825 2189 941 2258 matris

164 2290 233 2357 Aul
256 2289 387 2355 sinete
409 2291 502 2354 vitae
524 2306 604 2354 cura
625 2291 672 2354 sit
693 2288 760 2354 ulla
782 2287 902 2356 meae?

121 2393 173 2462 Tu
195 2390 274 2458 mihi
293 2389 367 2456 sola
388 2387 521 2474 domus,
543 2395 596 2471 tu,
617 2387 780 2474 cynthia„
802 2390 876 2456 sola
896 2396 1067 2477 parentes,

166 2492 284 2563 Omnia
304 2498 340 2559 tu
361 2497 498 2558 nostrae
518 2495 668 2577 tempora
689 2492 847 2558 laetitiae.

77 2613 105 2660 11
123 2595 194 2668 Seu
215 2598 324 2663 tristis
345 2596 478 2666 veniam
500 2611 563 2660 seu
584 2600 700 2662 eontra
720 2593 830 2661 laetus
854 2594 982 2680 amicis,

165 2695 328 2784 Quicquid
351 2714 428 2780 ero,
451 2695 576 2763 dicamz
598 2695 770 2783 „Cynthia
793 2716 898 2780 causo
919 2699 1016 2770 tuit.“

120 2802 174 2872 Tu
195 2800 291 2868 modo
314 2818 412 2887 quam
434 2791 767 2886 primum‘corruptas
789 2798 912 2867 desere
932 2800 1049 2868 Baias.

163 2904 280 2974 Multis
303 2905 372 2970 ista
392 2901 516 2971 dabant
537 2903 634 2970 litora
655 2901 841 2987 dissidium,

118 3007 252 3089 Litora,
273 3021 358 3091 quae
376 3005 510 3071 fuerant
531 3006 638 3071 castis
658 3005 791 3070 inimica
812 3001 940 3090 puellis

75 3126 102 3172 2·
163 3108 220 3180 Ab
241 3113 380 3194 pereant
399 3105 508 3178 Baiae
529 3109 653 3176 crimen
673 3109 796 3177 amoris
818 3107 943 3192 aquae!

142 3344 168 3400 ὅ.
186 3341 319 3399 addudere
332 3342 369 3396 N·
389 3343 425 3400 R.
441 3343 473 3402 Δ.
488 3341 557 3410 Hb„
574 3341 688 3396 aducarc
704 3343 736 3399 a.
804 3343 831 3396 6.
856 3337 893 3392 Et
909 3333 969 3406 quis
993 3337 1027 3393 G.
1047 3337 1082 3393 ll.
1097 3331 1152 3392 Hi.

74 3432 100 3485 7.
121 3428 219 3482 Arma.
287 3431 329 3483 11.
348 3425 474 3480 1111111111
495 3428 529 3482 G.
548 3427 584 3478 N.
604 3442 648 3494 o.,
668 3408 797 3478 tentart¹tis
813 3424 848 3475 D.
867 3424 915 3489 R„
937 3420 1045 3474 tentatis
1063 3422 1153 3488 Pero„

73 3510 199 3566 metantis
222 3511 263 3565 M.
350 3515 393 3567 12.
415 3512 528 3564 Alterua
547 3507 594 3562 a?
618 3511 729 3564 Alterne
747 3511 798 3578 M„
820 3505 938 3561 Alternia
958 3511 996 3560 H.
1022 3505 1097 3558 sacili
1118 3507 1152 3559 a.
1214 3495 1217 3502 '

75 3597 186 3650 credero
202 3591 258 3650 Hb.
336 3599 379 3648 13.
398 3591 521 3663 blandos]
540 3601 634 3648 tenues
655 3596 686 3650 G.
700 3595 778 3646 Pero.
856 3593 899 3644 1⁵.
917 3594 1006 3642 amota
1024 3590 1062 3645 N.
1078 3591 1111 3644 D.
1128 3605 1154 3647 r.

74 3689 116 3740 16.
135 3679 264 3734 metuisse
276 3680 316 3733 M.
369 3683 410 3733 11.
431 3678 551 3746 perlecta
571 3681 607 3731 R.
628 3675 696 3745 mon]
714 3693 763 3729 mos
782 3678 816 3733 1).
834 3679 878 3728 est
896 3673 1154 3740 e.r.b.,er1³err.

74 3770 157 3823 1111.
212 3769 255 3820 18.
275 3763 359 3834 quod]
379 3762 441 3832 quia
454 3765 489 3817 D.
509 3779 557 3832 per
574 3770 602 3816 11
617 3780 644 3817 r.
690 3767 734 3815 19.
754 3761 803 3813 tibi
822 3777 873 3816 om.
885 3755 939 3812 Hb.
985 3761 1029 3813 20.
1039 3756 1155 3810 Attullc-

72 3854 126 3907 rint
141 3850 210 3920 Hb„
227 3850 373 3903 Attuleriut
390 3847 475 3901 nostri
496 3849 532 3906 N.
552 3848 606 3900 eris
624 3863 669 3915 o.‚
687 3845 739 3898 erit
756 3850 795 3898 H.
811 3845 843 3895 V.
853 3843 893 3896 M.
966 3847 1011 3916 ²1¹·
1027 3837 1154 3914 sommi

73 3953 128 3992 uon
143 3939 176 3993 G.
188 3938 223 3993 N.
234 3935 288 3990 Hb.
304 3951 331 3992 u.
342 3949 377 4004 1.,
396 3935 438 3986 An
452 3931 519 3986 mihi
536 3931 572 3986 sit
587 3933 674 3997 Pera,
690 3929 746 3982 Aut
763 3926 829 3980 mihi
846 3927 882 3980 111
893 3927 925 3999 l'.
973 3929 1017 3976 22.
1029 3923 1108 3976 Haud
1122 3924 1154 3979 G.

75 4023 209 4092 culpati.
277 4025 321 4077 23.
339 4025 387 4074 tua
402 4017 458 4076 Hb.
532 4015 698 4074 2111111111
715 4014 752 4067 N.
830 4010 1155 4079 incorruptionum.

74 4111 116 4165 28.
134 4109 236 4161 dabunt
247 4107 285 4162 N.
300 4103 441 4166 (111111.
454 4118 497 4173 m,
524 4104 624 4158 dabam
639 4102 671 4160 Υ.
696 4097 838 4156 discidium
854 4099 910 4169 N.,
934 4096 1082 4152 descidium
1098 4091 1153 4149 Hb.
1263 4168 1268 4179 1

76 4196 118 4246 29.
138 4193 224 4261 captia
241 4192 284 4249 M.

117 4329 157 4395 11.
454 4297 457 4312 '
924 4325 944 4386 a
