2834 4972
263 357 317 432 44
434 413 436 424 ,
593 365 786 426 Quaestionum
802 363 886 420 Liber
901 363 1012 436 primur.
1106 373 1112 384 ’

265 540 295 606 ei
313 541 439 607 minatus
456 548 575 607 sortem.
617 541 731 607 Rursus
748 546 845 605 autern
861 538 971 605 bellun
989 531 1020 604 et
1036 537 1112 624 iuga
1123 541 1183 620 (ΕΙ.
1195 544 1336 627 lala).

264 627 327 692 Sed
347 647 435 710 quum
455 630 487 693 in
506 629 655 710 Illyricum
676 626 843 693 tendentem
864 627 1039 690 autumnalis
1061 631 1240 712 aequinoctii
1261 651 1336 714 prc-

265 714 361 778 cellao
392 725 549 791 uexarent,
579 714 728 797 propositi
760 731 825 776 enm
855 713 1003 794 poenitet,
1033 713 1143 778 lentum
1172 725 1269 782 tamen
1299 721 1332 784 in

262 800 354 862 tantis
376 802 463 864 amici
485 801 625 883 periculis
647 800 789 882 Cynthiae
811 800 937 862 animum
960 800 1029 881 quin
1050 803 1247 886 perstringat,
1268 823 1331 870 non

262 894 363 968 potest
390 886 453 967 (ΕΙ.
474 885 552 965 rs).
599 887 690 950 Suam
716 884 824 949 deinde
853 885 984 966 quamuis
1012 884 1123 951 deserti
1150 887 1237 952 fidem
1263 891 1331 954 lan-

262 971 315 1035 dat
343 979 375 1035 et
397 973 591 1037 constantiam
617 973 680 1054 (ΕΙ.
702 973 781 1051 lc).
829 969 894 1033 Pax
921 969 1048 1052 denique
1076 977 1240 1056 composita
1264 975 1328 1055 (ΕΙ.

260 1057 339 1136 19).
381 1059 463 1122 Haec
483 1067 565 1134 sunt,
594 1077 670 1141 qnae
689 1059 785 1141 primo
807 1057 887 1120 libro
910 1058 1097 1122 continentur
1117 1062 1227 1124 amoris
1252 1064 1329 1128 sata.

259 1142 306 1206 De
331 1144 461 1208 secundo
487 1145 578 1208 multo
604 1145 755 1207 difficilius
782 1152 827 1207 est
851 1141 992 1207 iudicium
1020 1143 1118 1223 terre,
1149 1165 1236 1228 quum
1265 1167 1328 1212 non

137 1229 140 1234 '
258 1246 318 1291 uno
344 1230 413 1294 loco
440 1231 604 1312 legitimum
629 1231 790 1294 carminum
816 1227 950 1292 ordinem
972 1229 1071 1293 aliena
1098 1249 1186 1295 manu
1206 1245 1327 1315 pertur-

257 1314 359 1378 batum
380 1335 447 1381 esse
467 1325 570 1399 pateat
595 1317 677 1396 (vid.
697 1316 766 1380 Lib.
788 1314 843 1378 111.
867 1315 942 1398 Gap.
961 1315 1027 1393 ΙΙ.).
1070 1318 1123 1381 His
1146 1329 1258 1395 auten,
1288 1322 1328 1386 de

256 1401 363 1482 quibus
385 1403 466 1466 inira
484 1403 651 1467 accuratius
671 1399 827 1482 dicendum
852 1402 924 1478 erit,
950 1402 1084 1479 omissis,
1109 1413 1177 1485 post
1197 1407 1328 1488 prinum

256 1504 386 1564 carmen,
407 1487 604 1553 dedicationis
626 1506 717 1552 cansa
737 1486 777 1551 ad
793 1488 998 1552 Maecenatem
1018 1491 1222 1570 praemissum,
1243 1511 1328 1557 men·

256 1582 340 1637 struo
359 1573 483 1638 dissidio
505 1576 682 1656 interposito
701 1574 922 1638 reviviscentem
939 1573 1070 1637 ridemus
1092 1585 1122 1640 et
1142 1578 1202 1640 iam
1223 1582 1325 1644 acrius

253 1658 408 1725 ardentem
429 1678 558 1725 amorem
578 1660 640 1739 (ΕΙ.
660 1665 691 1724 2.
713 1657 768 1739 3.).
810 1659 927 1723 Dubiae
947 1659 1054 1724 deiude
1075 1660 1146 1726 fidei
1172 1681 1233 1746 pax
1258 1666 1324 1745 (ΕΙ.

253 1747 388 1829 4-7.)
421 1746 569 1826 Querelae
584 1748 656 1825 (4.),
673 1745 770 1809 minae
784 1746 853 1826 (5.),
870 1746 1054 1828 suspiciones
1068 1750 1138 1826 (6.),
1151 1759 1231 1826 rota,
1248 1769 1324 1834 pro·

253 1831 346 1895 missa
368 1831 429 1912 (ΕΙ.
452 1833 507 1915 7.).
551 1832 611 1896 Sed
634 1832 707 1896 leuis
732 1833 839 1896 mulier
860 1835 985 1896 amantis
1007 1833 1067 1896 bde
1088 1851 1148 1898 non
1169 1847 1323 1916 mouetur;

218 1929 236 1962 ⁸
252 1919 401 2000 nequibas
423 1918 562 2000 nequitiis
583 1919 720 1993 cumulat,
742 1918 836 1982 donec
856 1921 944 1982 toties
966 1917 1132 1984 luditicatus
1146 1920 1323 2006 Propertius

251 2003 284 2066 in
308 2005 454 2067 insaniam
481 2013 510 2066 et
537 2005 797 2082 furoremactns,
826 2005 885 2067 sibi
913 2004 975 2084 (ΕΙ.
996 2008 1027 2070 8.
1048 2005 1094 2084 9.)
1122 2018 1212 2090 atquc
1241 2011 1322 2075 adeo

251 2089 366 2154 amicae
387 2091 433 2171 (9.
447 2109 476 2155 u.
491 2089 558 2169 25.)
581 2101 611 2155 et
632 2090 748 2154 aemulo
771 2094 812 2170 (u.
827 2089 895 2169 52.)
916 2093 1062 2155 interitum
1085 2093 1222 2159 minatur.
1264 2098 1321 2161 ldis

252 2192 319 2238 cum
339 2195 443 2259 pamm
464 2175 610 2259 prodicere
631 2194 663 2240 se
687 2176 785 2252 uidet,
807 2176 922 2240 tandem
942 2176 1104 2260 aliquando
1126 2191 1210 2246 recta
1232 2182 1322 2246 insti-

251 2270 317 2326 tuta
349 2264 399 2326 sia
432 2264 560 2325 maiores
595 2264 681 2326 sunit
712 2265 842 2340 animus,
876 2262 1001 2327 abiectis
1035 2266 1148 2329 seruitii
1181 2268 1320 2335 ducalis.

250 2349 349 2429 Atque
377 2350 436 2411 buc
463 2349 553 2412 annui
581 2349 681 2426 illins,
709 2347 747 2412 de
769 2366 828 2431 quo
855 2351 943 2412 toties
974 2348 1081 2413 dictum
1111 2361 1171 2428 est,
1198 2352 1321 2419 discidii

249 2443 366 2516 tempus
393 2452 459 2498 esse
487 2451 661 2516 persuasum
686 2435 836 2498 habemns.
878 2436 935 2498 Hic
961 2435 1114 2516 Cynthium
1143 2455 1207 2502 cum
1235 2459 1321 2505 arna-

248 2523 336 2584 tcriis
357 2521 536 2584 carminibus
554 2521 656 2584 valere
676 2521 767 2597 iubet,
789 2521 883 2584 maius
897 2539 1058 2602 aggressus
1078 2541 1151 2606 opus
1166 2525 1226 2604 (ΕΙ.
1241 2529 1320 2607 19),

245 2606 296 2670 bic
322 2607 372 2670 rel
398 2617 541 2671 aeternae
568 2607 713 2670 obliuioni
739 2616 827 2688 atque
852 2605 930 2671 adeo
957 2611 1162 2692 contemptioni
1186 2613 1319 2694 puellam

244 2689 338 2756 tradit
359 2692 420 2774 (ΕΙ.
444 2692 521 2772 ΙΙ.).
565 2695 630 2757 Huc
656 2694 720 2756 sine
747 2692 838 2757 dubio
865 2694 1014 2775 pertinent
1037 2695 1085 2758 ΕΙ.
1106 2703 1157 2759 22.
1179 2703 1230 2761 23.
1252 2704 1319 2777 24.,

245 2778 352 2859 quibus
379 2780 446 2843 iure
474 2798 528 2842 sno
550 2779 739 2860 Vulgiuagae
758 2780 883 2846 Veneris
908 2782 1002 2843 sacris
1024 2783 1065 2843 se*
1078 2782 1225 2845 initiatum
1246 2803 1317 2850 esse

244 2864 411 2946 profitetur,
430 2866 536 2930 rebctc
555 2867 615 2929 isto
635 2864 855 2949 dispendiorum
875 2874 904 2929 et
925 2866 1125 2929 molestiarum
1146 2868 1236 2950 pleno
1258 2889 1317 2950 ge-

243 2968 327 3014 nere.
370 2951 409 3016 Et
437 2952 508 3016 uicit
534 2951 653 3016 tandem
678 2953 766 3016 fortis
793 2952 846 3015 ille
873 2954 985 3014 animus
1014 2953 1134 3034 puellae
1164 2954 1315 3022 duritiem.

243 3035 357 3119 Nempe
385 3038 412 3099 si
440 3038 499 3102 buc
527 3048 572 3102 est
598 3039 734 3112 vincere,
762 3037 910 3119 despectis
939 3039 997 3100 iam
1023 3038 1176 3103 blanditiis
1204 3042 1315 3106 iterum

242 3121 357 3186 irretiri
379 3141 411 3185 se
432 3124 507 3206 pati.
549 3125 624 3188 Nan
647 3124 790 3204 quidquid
813 3124 851 3187 de
876 3122 1135 3204 gaudiis'narrat,
1158 3125 1196 3189 dc
1216 3130 1316 3192 sicto-

241 3208 292 3270 ria
318 3207 494 3272 Parthorum
519 3210 651 3290 tropaeis
681 3211 854 3290 superiore,
885 3228 971 3290 quarn
1001 3211 1067 3273 sola
1093 3216 1313 3295 contemptione

243 3293 305 3368 (ΕΙ.
329 3297 395 3374 14.)
417 3296 633 3377 reportaverit,
658 3295 801 3376 quidquid
823 3306 938 3358 noctem
964 3295 1119 3360 candidam
1141 3299 1199 3360 sibi
1220 3293 1315 3364 testass

240 3387 291 3442 tur
313 3379 374 3454 (ΕΙ.
397 3383 479 3457 lah:
503 3397 570 3443 mox
597 3399 634 3444 ex
654 3379 758 3460 illyria
784 3399 924 3445 reuersus
949 3393 1072 3462 praetor
1098 3402 1176 3447 noua
1200 3403 1310 3451 sereno

98 3517 102 3527 2
238 3465 326 3528 coelo
348 3467 407 3531 ciet
427 3467 530 3529 nubila
552 3465 611 3544 (ΕΙ.
636 3469 719 3547 16),
748 3486 824 3549 quae
846 3486 910 3530 cum
931 3470 1118 3551 exprobratis
1137 3470 1207 3533 fidei
1234 3492 1310 3538 suae

239 3551 347 3614 officiis
369 3551 431 3631 (ΕΙ.
451 3553 516 3632 17.)
537 3552 649 3616 frustra
670 3553 844 3635 dispergere
865 3557 1033 3630 tentaverit,
1053 3554 1214 3636 prudenter
1235 3576 1309 3622 con·
1392 3605 1393 3608 ,

235 3636 363 3700 uiuendo
390 3648 449 3703 tam
475 3638 602 3701 infestae
624 3639 669 3701 rei
697 3642 866 3703 memoriam
890 3655 987 3702 secum
1011 3642 1186 3705 oblitterare
1208 3645 1309 3710 studet
1392 3647 1393 3650 ’

235 3723 298 3798 (ΕΙ.
322 3723 404 3802 lb),
429 3741 489 3787 non
516 3723 724 3800 medriocriter
751 3728 886 3806 gavisus,
916 3727 995 3806 quod
1024 3728 1131 3791 relicta
1153 3729 1249 3793 Roma
1274 3733 1307 3795 in

173 3819 175 3823 '
234 3809 386 3872 Umbriam
414 3811 551 3892 proiecta
571 3811 695 3892 Gyutbia
721 3811 782 3886 (ΕΙ.
804 3815 854 3876 19.
878 3811 918 3873 cf.
940 3831 982 3875 us.
1003 3817 1069 3893 24.)
1092 3815 1233 3878 rusticari
1258 3817 1307 3879 in·

232 3896 370 3959 stituerit.
414 3896 563 3979 Namque,
591 3897 670 3978 quod
696 3897 758 3977 (ΕΙ.
784 3901 834 3962 18.
862 3897 932 3960 inde
954 3918 983 3962 a.
1006 3918 1048 3962 rs.
1070 3904 1136 3978 21.)
1164 3920 1306 3984 sperare·
1392 3973 1393 3996 ¹

233 3991 297 4057 rot,
323 3982 391 4045 iore
415 3991 449 4046 nt
473 3981 592 4047 abillo
614 3983 679 4046 siro
702 4002 771 4047 mox
792 3983 998 4060 desereretur,
1025 3987 1074 4049 cni
1095 3996 1217 4050 externo
1237 3989 1303 4052 ior·
1392 3997 1393 4074 ζ

232 4085 299 4130 unae
325 4068 407 4132 cultu
428 4085 521 4133 nouas
547 4069 709 4132 illecebras
736 4070 840 4151 parari
865 4072 1064 4134 necessarium
1090 4073 1244 4150 crederet,
1271 4075 1303 4138 id
1392 4079 1393 4140 Ι

230 4171 337 4216 reuera
359 4155 493 4234 contigit,
514 4155 659 4236 siqnidem
678 4150 766 4236 Eleg.
785 4160 847 4232 29,
869 4175 929 4237 qua
949 4159 1030 4221 denti
1049 4158 1194 4239 Cynthiae
1214 4159 1303 4226 fidem

228 4257 312 4304 snam
348 4250 517 4316 assereret,
550 4251 662 4322 septem
693 4259 809 4306 nenses
839 4243 968 4323 benigne
999 4245 1139 4308 floruisse
1171 4264 1302 4312 amorem

227 4335 353 4392 testatur
374 4325 451 4407 (uid.
473 4329 550 4392 enim
572 4331 611 4392 ad
634 4329 698 4394 eius
718 4328 767 4394 ΕΙ.
785 4348 814 4395 u.
832 4332 883 4394 23.
899 4340 930 4395 et
947 4330 1026 4410 24).
1071 4330 1159 4411 Quod
1180 4334 1208 4398 si
1233 4353 1304 4418 pcr-
