2848 4972
256 368 301 456 ha
576 383 790 453 neormam
808 381 873 472 uu.
890 379 937 462 11,
956 369 1012 447 aa.

304 555 356 626 Tu
377 555 457 625 mihi
475 555 531 623 vel
552 556 641 622 ferro
662 559 780 641 pectus
801 553 858 620 vel
879 550 983 641 perde
1001 569 1131 623 veneno

348 661 379 726 A
402 657 532 725 domina
553 662 679 723 tautum
700 661 735 722 te
756 652 850 721 modo
874 654 958 722 tolle
975 673 1061 724 mea.

264 776 292 822 ro
307 763 358 830 'l'e
380 764 504 828 socium
524 762 635 843 vitae,
657 765 693 826 te
715 760 861 844 eorporis
883 775 964 825 esse
985 758 1115 826 licebit:

346 867 396 932 Te
417 863 578 930 dominum
600 861 736 928 admitto
757 862 878 943 rebus,
900 864 1150 944 amice,meis:

304 970 409 1036 Lecto
432 975 467 1033 te
487 965 611 1049 solum,
624 966 721 1032 ‘lecto
741 971 776 1032 te
799 963 959 1050 deprecor
979 983 1053 1030 uuo.

348 1070 502 1140 Rivalem
522 1085 658 1156 possum
679 1087 744 1134 non
765 1085 829 1156 ego
851 1068 940 1134 terre
961 1067 1085 1135 Iovem.

306 1176 384 1264 lpse
405 1193 497 1242 meas
520 1174 630 1256 solus,
652 1171 739 1257 quod
762 1172 808 1238 nil
830 1179 902 1255 est,
923 1171 1068 1238 aemulor
1087 1172 1233 1254 umbras,

263 1295 290 1340 ao
353 1279 500 1361 Stultus,
523 1275 610 1363 quod
633 1274 734 1341 stulto
757 1292 863 1361 saepe
885 1276 1001 1341 timore
1022 1280 1136 1339 tremo.

253 1439 255 1444 ,
305 1383 380 1451 Una
404 1393 513 1446 ..men
535 1385 730 1462 causaest,
753 1396 818 1465 qua
836 1381 972 1449 crimina
992 1383 1086 1444 tanta
1106 1377 1248 1458 remitto,

349 1485 517 1554 Errabant
538 1485 636 1550 multo
659 1482 744 1570 quod
766 1495 824 1548 tua
842 1483 948 1550 verba
969 1499 1070 1548 mero.

307 1587 377 1658 Sed
400 1603 573 1671 numquam
594 1587 686 1650 vitae
706 1583 799 1650 fallet
820 1602 874 1651 me
894 1601 979 1670 ruga
1003 1600 1161 1648 severae:

348 1687 472 1756 Omnes
493 1689 558 1754 iam
579 1693 716 1768 norunt,
737 1704 833 1771 quam
857 1685 902 1751 sit
923 1701 1036 1751 amare
1056 1685 1187 1751 bonum.

265 1811 292 1858 m
308 1795 465 1878 Lynceus
487 1792 561 1874 ipse
580 1807 674 1854 meos
695 1805 793 1854 seros
814 1790 938 1855 insanit
958 1805 1098 1854 amores.

351 1896 466 1965 Solum
488 1900 523 1959 te
542 1899 676 1960 nostros
697 1894 804 1961 laetor
826 1891 919 1959 adire
940 1891 1034 1958 deos.

310 1999 397 2085 Quid
418 2005 477 2066 tua
498 1995 683 2064 Socraticis
707 1998 768 2064 tihi
788 2013 874 2062 nuuc
896 1997 1062 2081 sapientia
1081 1993 1176 2060 libris

350 2100 502 2170 Proderit
524 2107 581 2166 aut
602 2119 711 2167 rerum
733 2100 846 2166 dicere
867 2117 970 2185 posse
990 2093 1092 2164 vias?

307 2207 378 2286 Ant
400 2201 477 2289 quid
500 2201 683 2272 Erechthei
703 2204 764 2270 tibi
784 2208 924 2289 prosunt
945 2203 1089 2268 carmina
1109 2195 1225 2268 lecta?
1266 2258 1268 2264 ,

263 2323 291 2370 oo
349 2307 405 2374 Nil
426 2308 520 2372 iuvat
542 2308 575 2372 in
597 2325 718 2395 magno
738 2314 855 2373 vester
876 2322 987 2374 amore
1008 2321 1126 2370 senex.

308 2413 360 2479 Tu
384 2413 491 2476 satius
511 2411 621 2476 Musis
643 2410 811 2476 meliorem
833 2411 962 2474 imitere
981 2407 1143 2474 Philetam

351 2509 400 2580 Et
420 2532 485 2578 non
505 2515 611 2580 iudati
632 2516 760 2580 somnia
782 2511 984 2581 Callimachi.

308 2619 393 2683 Nam
416 2633 536 2682 cursus
557 2617 635 2684 licet
656 2618 769 2684 Aetoli
790 2618 920 2684 referas
941 2615 1092 2699 Acheloi,

349 2721 500 2787 Fluxerit
519 2727 557 2787 ut
576 2739 697 2808 magno
718 2722 845 2788 fractus
868 2737 979 2788 amore
997 2721 1114 2807 liquor,

265 2833 292 2880 ao
310 2822 420 2906 Atque
441 2824 541 2888 etiam
563 2829 598 2890 ut
619 2823 767 2912 Phrygio
788 2825 892 2891 fallax
913 2813 1108 2892 Maeandria
1129 2839 1249 2910 campo

350 2924 454 2993 Errat
474 2933 509 2996 et
528 2929 604 3014 ipsa
625 2946 708 2996 suas
729 2929 854 3015 decipit
877 2927 966 2997 mide
984 2931 1073 3012 vias,

353 3222 394 3274 18.
416 3235 521 3288 possem
541 3220 576 3273 H.
669 3225 711 3274 19.
731 3217 818 3288 meas]
839 3235 898 3274 mea
916 3235 941 3273 r.
967 3219 1053 3274 solnm
1071 3220 1106 3272 n.
1131 3215 1184 3288 nil]
1203 3218 1266 3274 ville
1281 3212 1323 3270 tlt.

266 3307 369 3358 emulor
386 3308 418 3360 P.
487 3312 529 3362 20.
547 3307 610 3376 quid
629 3305 686 3376 D..
702 3313 730 3362 et
751 3311 788 3364 Η.
854 3314 897 3366 21.
916 3315 990 3362 tanta
1006 3310 1114 3362 remitto
1130 3310 1242 3364 crimina
1258 3324 1325 3364 caum

267 3395 309 3442 eat
327 3405 374 3442 eur
391 3391 439 3459 N.,
456 3393 501 3442 aed
515 3394 611 3446 litteris
622 3411 707 3462 copto
720 3396 827 3462 scriptia
844 3411 921 3448 octos
939 3395 1003 3448 ordo
1019 3397 1164 3462 uindicatur.
1233 3403 1275 3452 23.
1289 3409 1324 3447 me

267 3465 343 3560 lellet
359 3477 410 3530 nt.
430 3495 477 3547 a.,
495 3479 571 3532 saliet
589 3496 632 3533 mo
649 3483 685 3534 Η.
755 3485 798 3535 25.
817 3497 891 3534 meos
911 3483 943 3537 e.
960 3483 995 3533 Η.
1021 3497 1096 3534 serus
1112 3485 1166 3551 In,
1190 3499 1279 3536 sacros
1294 3482 1325 3532 ll.
1380 3543 1381 3552 ἵ

267 3565 310 3614 26.
329 3563 412 3616 lector
431 3567 464 3618 G.
534 3570 577 3620 28.
599 3567 701 3619 discere
718 3570 754 3620 Η.
831 3573 873 3622 29.
893 3566 993 3620 erethei
1013 3569 1062 3636 tt,
1086 3567 1187 3621 erechti
1203 3570 1255 3638 Ν.,
1278 3583 1325 3620 ore·

268 3645 304 3697 tei
328 3664 354 3700 c.
375 3647 441 3717 Hb„
467 3651 566 3702 euctaei
584 3667 628 3716 o.,
654 3651 785 3704 erechthei
807 3653 838 3704 V.
857 3653 912 3720 M„
933 3669 983 3704 om.
1001 3637 1054 3720 Ε,
1078 3652 1151 3705 tirtel
1168 3654 1261 3721 Pom,
1284 3649 1325 3704 eri·
1380 3649 1381 3732 J

267 3728 303 3780 tei
317 3731 359 3798 P.‚
375 3734 422 3784 aed
439 3735 466 3785 to
481 3751 582 3802 ωαψς
599 3735 728 3806 ,,Οῐοϊεὶ.
745 3737 904 3804 lepc'l'irtei.
922 3737 954 3788 de
971 3741 1129 3805 qoonorat.
1156 3739 1211 3790 Atto
1228 3747 1254 3791 et
1269 3737 1324 3790 Cre·
1380 3747 1381 3774 r

268 3813 304 3864 tei
330 3815 423 3881 leporrt.
462 3818 577 3872 Orttcom
593 3823 736 3874 Heorerom
754 3839 773 3874 a
789 3819 901 3890 opotpho
922 3831 1008 3876 matre
1027 3823 1156 3876 Orithet'de
1176 3827 1266 3877 vocari
1287 3826 1325 3876 dt-

266 3901 325 3952 eom
343 3904 452 3971 quictem,
471 3907 517 3958 aed
533 3914 663 3974 receptam
681 3915 768 3960 tameo
783 3927 800 3974 ᾳ
814 3905 935 3963 moltie.“
986 3915 1030 3963 30.
1042 3925 1135 3976 vesper
1147 3911 1182 3974 G.
1223 3915 1267 3963 31.
1277 3926 1327 3962 mu-

265 3985 302 4040 sis
313 4003 464 4073 crremorem
482 3988 534 4043 ΙΙΙ).
546 3993 581 4044 Η.
597 3992 644 4058 V„
663 4007 806 4046 memorem
824 3993 906 4045 musis
923 3993 1025 4061 reliqui.
1043 3992 1187 4046 immittere
1204 3995 1239 4046 D.
1257 3991 1328 4062 phili·

265 4075 318 4124 tarn
337 4073 373 4126 N.
391 4073 424 4128 D.
442 4075 509 4144 tta„
534 4075 666 4130 Philetem
684 4079 738 4146 11„
764 4074 884 4146 philitem
902 4081 957 4146 M„
981 4077 1083 4154 phinee·
1095 4081 1128 4130 G.
1196 4083 1241 4130 82.
1259 4077 1330 4131 iufle-

263 4175 298 4228 tia
323 4177 412 4230 orunio
434 4179 489 4246 N„
516 4179 634 4234 inflantia
659 4179 748 4234 omnia
776 4181 808 4235 G.
828 4179 881 4234 Hh.
900 4185 936 4236 Η.
959 4184 990 4235 V.
1021 4159 1174 4234 callimachi
1197 4178 1262 4246 (εἰσ)
1282 4175 1328 4229 tlt.

262 4266 309 4336 ³3,
324 4264 381 4324 lam
400 4266 435 4320 lt.
460 4279 522 4316 rure
537 4279 581 4332 pr.
597 4264 719 4336 mill„
745 4281 837 4320 rursus
855 4285 878 4322 a.
897 4285 931 4323 m.
949 4266 1001 4321 nt.
1012 4269 1051 4320 N.
1063 4268 1142 4321 M.
1166 4263 1265 4320 mancii
1283 4257 1328 4314 nl.

261 4336 304 4397 34.
322 4345 409 4400 factat
427 4349 462 4400 G.
476 4347 515 4403 N.
526 4364 552 4402 r.
563 4341 617 4404 nd.
630 4349 663 4404 Δ.
731 4353 775 4408 35.
791 4348 867 4404 lelex
884 4349 936 4404 tlt.
954 4349 1074 4404 meedrie
1092 4352 1127 4404 G.
