2822 4976
425 353 640 432 aloesaun
659 355 724 424 nt..
741 357 773 440 1,
793 355 827 426 5.

603 529 649 607 V.

130 652 285 756 louis,
305 676 343 742 tu
364 669 498 740 tandem
519 668 626 741 voces
648 649 825 759 compesce
846 673 1016 764 molestas,

172 774 222 844 Et
242 777 316 861 sine
334 795 397 844 nos
419 795 535 860 eursu,
558 795 622 862 quo
645 795 777 861 sununs,
797 777 847 842 ire
868 795 980 864 pares.

130 876 219 961 Quid
242 881 303 947 tibi
323 881 397 958 vis,
418 875 562 946 insane?
583 896 676 947 meos
698 881 825 946 sentire
845 879 1000 950 fur-orosi

172 977 311 1064 Infelix,
332 997 493 1066 properas
515 977 629 1045 ultima
649 995 753 1045 nosse
772 977 870 1062 mala,
951 992 953 996 ’

97 1078 179 1149 1111
199 1085 302 1148 miser
321 1083 456 1170 ignotos
478 1082 628 1169 vestigia
648 1080 737 1146 ferre
759 1096 818 1166 per
839 1083 950 1169 ignes,

173 1181 222 1253 Et
243 1186 358 1254 bibere
381 1190 492 1252 clota
516 1185 630 1252 toxica
649 1181 839 1251 Thessalia.
941 1257 943 1262 ¹

129 1285 206 1352 Nou
228 1291 283 1356 est
301 1287 359 1353 illa
379 1287 481 1377 vagis
504 1287 623 1354 similis
643 1286 762 1353 collata
783 1285 917 1372 puellis:

173 1387 318 1455 Molliter
337 1391 440 1456 irasci
460 1407 526 1457 non
546 1389 635 1458 solet
653 1389 711 1457 illo
733 1390 802 1456 tibi.
885 1387 888 1394 '

131 1486 231 1575 Quod
251 1492 283 1556 si
303 1491 391 1559 forte
412 1493 479 1559 tuis
500 1511 566 1559 non
587 1498 642 1560 est
664 1493 828 1560 contraria
845 1491 947 1579 velie,

88 1605 114 1648 ¹⁰
176 1595 224 1666 At
243 1595 303 1660 tibi
325 1612 476 1661 curarum
493 1595 584 1666 milio
605 1601 728 1682 quanta
748 1594 857 1661 dabitt

129 1697 205 1764 Non
226 1697 287 1765 tibi
306 1699 372 1764 iam
393 1715 544 1783 somnos,
564 1717 631 1765 nou
647 1699 704 1766 illa
723 1699 887 1784 relinquet
905 1697 1042 1768 ocellos:
1140 1725 1142 1733 a

175 1799 239 1867 Illa
259 1800 350 1869 feros
372 1804 491 1868 animis
514 1801 631 1890 alligat
653 1818 719 1868 una
739 1803 843 1870 viros.

130 1903 283 1972 Ahunea
304 1912 509 1992 contemptus
534 1907 686 1992 quotiens
708 1902 752 1972 ad
773 1905 884 1999 limina
906 1923 1033 1992 curres,

174 2005 257 2074 Cum
279 2009 341 2074 tibi
361 2010 508 2099 singultu
529 2009 630 2077 fortia
647 2011 753 2076 verbu
774 2007 906 2094 cudent,

90 2121 115 2166 1⁵
132 2107 180 2180 Et
200 2112 359 2178 tremulus
378 2115 519 2186 maestis
539 2116 663 2180 orietur
683 2114 815 2180 fletibus
836 2113 962 2198 horror,

174 2211 223 2282 Et
242 2216 338 2281 timor
357 2216 526 2284 informem
548 2208 647 2284 ducet
667 2218 701 2282 in
722 2201 780 2283 ore
802 2224 924 2302 notum,

132 2313 182 2384 Et
202 2333 429 2404 quaecumque
445 2319 541 2385 voles
562 2320 694 2408 fugient
713 2320 774 2386 tibi
792 2320 898 2387 verba
918 2325 1079 2410 querenti,
1149 2308 1152 2314 ’

174 2418 249 2484 Nec
269 2421 415 2504 poteris,
436 2420 492 2505 qui
516 2421 566 2484 sis
588 2425 646 2486 aut
666 2420 741 2503 ubi,
761 2437 865 2484 nosse
885 2423 997 2490 miser.

132 2521 215 2589 Tum
237 2538 345 2610 grave
366 2523 538 2589 servitium
559 2527 697 2589 nostrae
717 2538 840 2611 cogere
861 2524 992 2609 puellae

90 2638 118 2684 so
177 2623 340 2710 Discere,
366 2630 401 2691 et
423 2625 594 2692 exclusum
616 2620 694 2711 quid
716 2627 761 2691 sit
782 2626 876 2695 abire
897 2623 1041 2695 domum:

131 2727 206 2794 Neo
227 2729 293 2794 ia'm
312 2727 469 2814 pallorem
491 2729 615 2822 totiens
633 2729 798 2796 mirabere
817 2734 976 2815 nostrum,

174 2831 245 2898 Aut
265 2848 324 2898 cur
345 2833 408 2899 sim
428 2836 497 2899 toto
519 2849 657 2918 corpore
677 2832 787 2898 nullus
809 2850 885 2922 ego.

131 2931 206 2999 Nec
226 2933 288 2998 tibi
309 2933 465 3000 nobilitas
488 2937 609 3020 poterit
629 2952 822 3002 succurrere
844 2927 983 3002 amanti:

178 3037 296 3103 Nescit
313 3036 419 3104 Amor
437 3038 559 3124 priscis
583 3034 705 3104 cedere
722 3039 935 3126 imaginibus.

91 3152 120 3198 rs
138 3135 234 3222 Quod
255 3141 286 3206 si
307 3157 414 3226 parva
436 3146 514 3208 tuae
533 3138 668 3207 dederis
689 3144 838 3230 vestigia
856 3139 985 3226 culpae,

178 3240 285 3327 Quam
306 3245 371 3311 cito
393 3244 436 3311 de
457 3251 548 3312 tanto
570 3247 700 3312 nomine
721 3262 831 3312 rumor
853 3245 937 3309 erist
966 3306 968 3316 ,

135 3345 213 3412 Non
235 3363 301 3435 ego
322 3352 391 3414 tum
411 3353 529 3436 potero
547 3347 670 3416 solatia
688 3350 778 3416 ferre
798 3347 943 3436 roganti,

159 3555 458 3631 V2401l⁰teeM.Hb.
474 3581 500 3624 r.
567 3572 595 3622 6.
612 3565 641 3638 e]
660 3569 688 3622 ei
699 3568 739 3626 N.
754 3565 801 3621 aad
817 3581 837 3618 o
852 3578 923 3622 sm.
938 3575 1020 3629 corr..
1034 3559 1097 3614 itero
1111 3557 1168 3615 Hb.

42 3681 46 3692 ι
91 3646 190 3704 tonica
207 3650 242 3702 D.
310 3654 337 3704 7.
356 3651 441 3717 magis
458 3669 502 3720 pc.
517 3654 620 3709 ru.Hi.
688 3659 716 3709 9.
735 3652 806 3712 Quid
829 3653 859 3710 7.
883 3648 950 3720 tuis]
966 3645 1062 3700 animis
1080 3648 1171 3714 Peru,

90 3733 147 3788 ruis
162 3732 204 3786 N·
222 3749 265 3802 pr·
281 3728 318 3792 m.
336 3735 391 3793 Hb.
411 3737 442 3792 V.
461 3735 542 3806 votis]
561 3737 661 3792 nostris
680 3738 719 3792 N.
731 3753 775 3806 pr.
786 3755 821 3791 m.
833 3735 890 3790 Hb.
906 3735 938 3789 V.
1014 3733 1115 3814 ttulit
1131 3737 1171 3792 H.

90 3816 205 3889 (iuml
226 3821 310 3872 multa
325 3824 364 3898 ῌι
434 3827 477 3876 11.
503 3839 629 3892 sompuos
652 3823 690 3882 N.
707 3831 733 3878 ct
748 3824 787 3878 aio
800 3824 866 3890 sete.
890 3821 939 3874 illa
955 3836 1007 3876 oro.
1025 3823 1064 3874 H.
1088 3819 1172 3873 rolin·
1254 3866 1257 3870 ,

90 3908 158 3976 quat
179 3905 214 3958 G·
267 3909 329 3960 12.
345 3907 423 3960 ferox
438 3909 476 3986 9.
545 3913 587 3965 13.
605 3909 651 3963 Ha
666 3913 705 3968 H.
775 3909 818 3963 14.
843 3909 932 3965 Quom
948 3907 985 3963 R.
1055 3907 1100 3962 1⁵.
1116 3909 1172 3957 tre-

89 3987 172 4043 mulis
189 3992 310 4044 moesus
327 3991 361 4047 G.
376 3993 414 4048 li.
431 4007 470 4059 o..
487 3993 616 4047 tremulus
635 3991 744 4064 moestis
762 3994 797 4046 D.
812 3993 850 4044 H.
871 3991 959 4047 ml.
978 3987 1100 4043 flectibus
1115 3985 1173 4040 Hb.

91 4088 169 4128 orror
191 4073 248 4132 Hb.
267 4077 302 4129 H.
375 4081 596 4136 uouemere.
621 4078 772 4134 docetHli.
797 4076 900 4133 orati.
974 4078 1017 4134 18.
1039 4069 1173 4144 quislib.

93 4157 154 4229 ubi]
174 4159 225 4214 fibi
242 4161 284 4220 Μ.
305 4175 417 4217 noscere
433 4177 479 4232 pr.
498 4181 535 4222 m.
550 4163 609 4218 Hb.
684 4166 729 4222 2ο.
749 4161 847 4218 Discus
866 4163 909 4230 H,
930 4158 1050 4216 Miscere
1064 4159 1102 4213 H.
1113 4154 1175 4208 'ox-

93 4249 215 4304 cloutnn
229 4247 287 4305 Hb.
355 4255 400 4308 21.
418 4249 582 4307 miserabere
596 4253 636 4309 H.
651 4259 771 4308 uorum
787 4251 928 4321 Moatra
996 4241 1174 4304 2211116.
1278 4277 1279 4282 κ

92 4336 138 4390 211
156 4335 272 4424 poterut
288 4353 428 4396 tacentes
446 4339 484 4398 N.
501 4355 546 4412 pr.
562 4355 598 4396 to.
666 4339 710 4397 21.
729 4337 839 4395 nederc
856 4338 896 4396 H.
913 4334 955 4394 11.
