2806 4974
184 345 299 414 ‘Caput
312 349 364 403 111.
397 347 439 400 Da
454 345 904 416 temporaqueringuliI'ropertii
919 348 981 404 libri
995 356 1057 406 oeta
1091 332 1168 412 225

105 517 184 592 Τοῖς
201 508 399 622 tedydpono
421 513 477 622 aad
497 519 568 593 τοῖς
588 510 772 619 ἀνάνδροις
782 513 989 625 βορρύνερρι
1008 515 1052 582 τὰ
1071 515 1163 584 drau-

101 597 223 683 τίμια
245 602 396 679 ενιέιαξε·
418 625 473 666 και
501 597 683 684 έμνιαλιν
713 625 771 668 του
793 625 901 688 ναμον
924 605 1163 689 resederunt·
1265 656 1268 661 .
1306 677 1309 684 ι

100 684 259 762 donantur
285 678 378 752 deta
406 681 537 772 έθηκεν.
588 691 674 766 Quod
702 692 759 752 nisi
789 692 827 753 ad
857 695 987 773 priorem
1018 693 1163 772 quandam

99 777 226 853 Augusti
246 779 433 854 rogationem
458 777 568 838 reterri
597 778 708 856 nequit.
751 778 883 858 Denique
908 780 981 840 baso
1003 780 1163 858 IpsaPro-

99 862 189 942 pertii
217 861 336 940 elegia,
369 880 456 942 quam
488 871 556 942 post
585 881 690 926 aunum
721 865 793 924 736.
824 861 963 944 scriptam
992 882 1074 937 esse,
1105 864 1164 925 iam

98 964 184 1008 nemu
214 948 340 1028 amplius
377 949 434 1010 erit
464 949 515 1027 qui
551 957 602 1010 aut
629 949 732 1027 Lipsio
763 956 814 1010 aunt
840 949 1000 1012 Heiueeoio
1029 949 1077 1027 (11.
1104 951 1163 1027 00.)
1255 945 1259 959 “

99 1024 259 1106 conoedat,
288 1035 418 1113 priorem
441 1034 567 1111 Augusti
594 1035 779 1112 rogationem
807 1036 988 1098 statuendam
1017 1051 1083 1098 esse
1112 1033 1165 1097 de-

99 1128 254 1180 monstrat.
309 1118 401 1180 Cuius
435 1119 514 1198 quod
543 1118 662 1182 disertis
687 1118 786 1180 uerbis
814 1119 872 1182 Dio
901 1122 1075 1182 mentionem
1105 1137 1164 1182 nou

96 1200 187 1277 lacit,
216 1220 318 1276 nemo,
346 1203 584 1278 oredo,'meouot
607 1205 644 1266 ad
669 1208 741 1267 727.
763 1203 848 1264 finem
870 1207 985 1268 referre
1009 1205 1165 1280 dubitabit,
1247 1241 1249 1246 ·

97 1290 148 1351 obi
177 1287 231 1349 ille
262 1287 362 1362 (LIII,
385 1293 451 1367 21.)
479 1291 568 1351 baso:
594 1279 791 1391 Αὔγουστος
817 1285 862 1358 δέ,
881 1282 921 1350 τά
950 1310 986 1352 νε
1014 1277 1100 1350 dota
1121 1321 1164 1334 —-
1255 1358 1260 1367 „

98 1365 242 1457 dispares
262 1369 318 1435 καὶ
338 1369 532 1453 ἐνομοθέτει
550 1371 672 1436 πολλα·
695 1363 813 1436 οὐδέν
835 1369 877 1436 δὲ
901 1371 1053 1453 δέομαι
1073 1367 1162 1437 καθ’

99 1452 280 1520 ἕκαστον
311 1449 498 1542 ἀκριβῶς
528 1454 765 1535 ἐπεξιέναι,
800 1453 926 1542 χωρὶς
952 1449 976 1542 ἢ
1003 1451 1081 1520 ὅσα
1111 1458 1164 1545 τῇ

97 1542 324 1628 συγγραφῇ
352 1537 577 1630 πρόσφορά
603 1540 690 1607 ἐστιν
712 1576 753 1586 -
780 1537 847 1604 ἵνα
876 1539 929 1627 μὴ
961 1534 1015 1605 δι’
1040 1533 1164 1622 ὄχλον

96 1625 282 1712 γένωμαι
304 1649 333 1690 κ.
350 1649 378 1691 ν.
395 1626 424 1691 λ.
470 1631 528 1706 Qui
550 1631 633 1692 Ioous
657 1631 743 1692 etiam
761 1625 793 1690 G.
807 1630 856 1691 Fr.
870 1629 1165 1708 Chr.Weuolrinm

99 1715 257 1793 (Obserun.
286 1715 324 1775 ad
355 1715 616 1796 iurisprudendum
643 1716 854 1794 elegantiorem
881 1715 1049 1778 furientium
1074 1716 1163 1795 triga.

97 1801 182 1880 Lips.
208 1802 302 1863 1825.
331 1805 361 1864 4.
387 1819 416 1880 p.
442 1805 491 1863 16.
517 1803 547 1862 in
575 1802 668 1865 eiusd.
697 1803 820 1880 Opusoo.
842 1801 982 1864 Academ.
1006 1801 1053 1864 ed.
1076 1801 1110 1864 F.
1127 1804 1163 1865 Α.

98 1886 229 1950 Stieber.
252 1885 334 1968 Lips.
356 1889 448 1950 1831.
471 1905 499 1967 p.
520 1887 605 1968 233.)
629 1896 658 1950 et
679 1886 756 1949 Lud.
779 1885 995 1950 Gitzlerum
1017 1887 1164 1965 (Quaestt.

97 1972 173 2033 iuris
195 1971 318 2032 Romani
347 1971 383 2031 de
408 1973 467 2051 leg.
490 1973 585 2054 Papia
612 1983 641 2034 et
660 1972 801 2053 Poppaea
823 1973 909 2051 Spes.
929 1974 953 2036 I.
982 1973 1049 2034 IIal.
1072 1976 1164 2038 1835.

98 2075 128 2138 p.
151 2059 172 2119 7
181 2060 296 2134 -13.)
327 2056 419 2135 surgit,
449 2069 480 2120 ut
510 2061 559 2138 qui
582 2077 600 2118 a
621 2059 740 2121 Nohbio
771 2057 869 2138 decipi
897 2076 929 2120 se
956 2060 1037 2138 passi
1055 2058 1162 2139 Lipsio

99 2145 231 2226 inanito
255 2141 339 2203 liuius
368 2143 485 2222 elegiae
508 2145 672 2206 deliniendo
695 2147 937 2224 obsequerentur.
978 2144 1042 2229 Iloo
1068 2154 1164 2206 anetem

97 2245 177 2290 anuo
205 2228 230 2288 si
260 2227 343 2314 illam
371 2248 456 2308 quam
483 2233 649 2311 quaerimus
675 2229 773 2308 legem
799 2230 905 2305 latam,
936 2231 1071 2310 sequenti
1093 2233 1164 2294 728.
1280 2226 1283 2233 ’

98 2315 279 2393 andquatam
298 2316 450 2394 ponimns,
478 2317 538 2377 iam
559 2316 626 2378 uide
649 2333 734 2395 quam
757 2324 825 2395 apte
847 2333 946 2378 omnes
973 2327 1093 2379 nostrae
1114 2335 1165 2378 ra-

97 2399 194 2462 tiones
224 2410 338 2461 000001.
382 2401 485 2481 Neque
509 2403 584 2464 enim
614 2401 702 2462 aliter
729 2402 827 2463 altera
851 2401 922 2476 illa,
952 2400 987 2462 de
1009 2421 1067 2480 qua
1088 2419 1165 2463 auno

96 2489 169 2549 736.
188 2483 225 2545 01
249 2495 381 2547 senatum
403 2485 528 2550 relatum
551 2497 603 2561 est,
625 2496 693 2566 post
716 2487 874 2548 aoerrImas
896 2487 1047 2566 nutriesque
1069 2490 1164 2567 partis

93 2572 299 2634 contentiones
316 2572 384 2632 anui
402 2570 516 2634 demum
534 2577 604 2636 737.
617 2572 675 2632 fine
696 2574 849 2651 antiquata
868 2582 921 2633 est.
965 2572 1011 2634 ot.
1026 2573 1164 2638 Heineoo.
1214 2609 1218 2618 »

98 2656 120 2719 1.
136 2657 158 2719 1.
180 2676 210 2738 p.
228 2659 280 2720 bo.
323 2656 370 2716 Ad
393 2657 523 2719 eiusdem
545 2659 613 2719 anni
633 2660 706 2720 728.
729 2657 813 2718 finem
834 2659 962 2737 pertinet
982 2657 1172 2736 Ε1.111,15.,,
1224 2713 1228 2724 .

99 2742 141 2813 (v.
162 2747 192 2804 7.
214 2743 244 2804 8.
264 2740 332 2804 0011.
355 2742 392 2805 L.
411 2743 436 2804 1.
460 2744 532 2824 Gap.
554 2742 604 2805 llI.
628 2762 657 2823 p.
678 2743 742 2820 16.)
786 2743 848 2806 Neo
874 2739 993 2804 multum
1015 2743 1082 2804 falli
1110 2761 1165 2805 uos

99 2829 313 2902 existimamus,
346 2829 449 2890 eodem
470 2829 518 2891 El.
539 2828 582 2904 ll,
606 2832 656 2892 30.
679 2829 853 2890 relerentes.
895 2829 953 2893 Vix
980 2830 1055 2890 euim
1084 2828 1166 2891 aliud

98 2912 212 2994 tempus
242 2912 378 2976 idoneum
406 2917 554 2980 inueneris
583 2913 763 2995 expeditioni
790 2929 818 2976 n.
840 2916 890 2977 19.
914 2917 975 2976 20.’
992 2931 1166 2988 commemo-

97 3010 202 3074 ratae,
225 3018 300 3079 quae
322 3019 377 3081 per
397 3000 524 3063 Pontum
544 3001 688 3063 Euxinum
711 3000 850 3078 regiones
874 2997 1034 3061 Caucasias
1058 3000 1166 3062 01110-

98 3086 180 3166 spias
209 3094 333 3164 peteret.
376 3085 421 3148 Eo
443 3105 515 3150 uero
539 3103 615 3148 anno
646 3103 709 3148 cunr
731 3087 854 3148 Romani
883 3085 990 3146 foedus
1013 3095 1041 3148 et
1070 3087 1166 3148 sunie-

98 3179 190 3246 tatem
212 3187 275 3230 curm
296 3171 500 3236 Polemone
522 3172 609 3235 Ponti
631 3190 704 3252 rege
725 3173 833 3232 inirent
855 3168 944 3248 (teste
964 3170 1047 3233 (lass.
1070 3171 1165 3233 Dione
1276 3189 1277 3194 ¹

99 3258 187 3331 LIII,
211 3258 295 3335 23),
325 3259 420 3319 moliti
448 3258 562 3339 aliquid
593 3275 659 3320 esse
686 3257 823 3319 uidentur
845 3265 948 3318 eontra
967 3257 1094 3333 Parthos
1121 3259 1166 3318 in-

100 3345 219 3424 quietos
243 3361 360 3422 semper
386 3352 414 3405 et
442 3354 501 3406 tum
528 3345 617 3406 bellis
638 3344 783 3406 intestinis
806 3342 973 3404 sedibosos.
1016 3345 1167 3423 Frequen-

100 3439 158 3492 tem
181 3437 277 3489 autem
299 3447 335 3490 eo
356 3437 487 3512 tempore
506 3431 702 3493 Romanorum
723 3431 754 3490 iu
774 3446 896 3506 regnum
915 3425 1067 3490 Pontioum
1090 3447 1168 3490 oom—
1201 3439 1209 3515 .'

101 3523 226 3576 meatuum
249 3513 341 3576 fuisse
363 3515 424 3576 boo·
442 3517 480 3578 sit
500 3518 676 3591 testimonio,
698 3514 777 3596 quod
791 3514 910 3577 Polemo
925 3513 955 3576 iu
976 3515 1029 3576 illo
1045 3514 1169 3577 foedere

99 3600 289 3662 senatoribus
310 3601 450 3662 Romanis
479 3603 631 3683 spectandi
657 3603 688 3662 in
715 3601 817 3682 primis
849 3599 1002 3676 ordinibus
1030 3601 1076 3661 ius
1098 3618 1169 3662 oon-

101 3687 212 3760 oessit„
245 3685 331 3760 Quod
353 3688 409 3746 nisi
432 3698 583 3750 senatores
607 3704 724 3766 qnoque
745 3686 871 3750 Romani
891 3703 947 3765 per
968 3693 1082 3766 tempus
1104 3687 1167 3750 illio

101 3773 274 3834 commorati
295 3772 408 3846 essent,
430 3773 586 3834 absurdum
609 3782 682 3834 erat.

203 3861 288 3918 Auno
311 3861 384 3920 729.
406 3859 574 3920 tribuantur
596 3859 711 3935 elegiae
731 3857 784 3920 tib.
802 3857 840 3932 II,
860 3859 909 3920 10.
926 3858 1037 3918 1122.
1052 3857 1102 3916 23.
1116 3857 1168 3918 24.

102 3941 149 4004 (11.
170 3943 240 4004 Lib.
261 3942 284 4003 1.
308 3943 380 4022 (lap.
401 3944 454 4006 III.
478 3964 507 4024 p.
530 3945 579 4007 15.
623 3944 695 4005 Post
716 3961 781 4004 enm
803 3959 906 4003 annom
927 3940 1062 4020 reliquae
1083 3941 1169 4002 huius

101 4027 173 4089 libri
195 4045 294 4088 omnes
315 4037 435 4108 praeter
450 4029 498 4092 El.
515 4033 577 4106 31„
597 4028 634 4090 de
653 4048 711 4107 qua
728 4027 787 4090 uid.
804 4045 885 4107 supr.
927 4026 1069 4089 Sextilem
1089 4043 1170 4088 rnen-

104 4131 164 4175 sem
187 4114 244 4174 sibi
273 4115 404 4194 postulat
419 4109 471 4177 nt.
490 4120 558 4192 32,
578 4113 648 4176 0011.
667 4132 695 4178 r.
716 4118 762 4188 9.,
789 4113 903 4195 iisque,
931 4112 1092 4192 quasillis
1115 4109 1169 4172 ad·
1278 4089 1282 4097 ¹

102 4209 295 4380 ”ttarrpptsia
324 4287 417 4348 annus
446 4287 519 4348 731.
543 4291 572 4348 et
597 4243 669 4349 732.
698 4283 849 4348 confertus
880 4291 924 4348 ost
951 4277 1030 4345 liber
1057 4257 1179 4344 tertius.

927 4384 967 4446 to
