2806 4974
243 315 320 390 eta
575 327 994 388 umouummuutuuu.

384 497 520 566 Multoque
535 497 584 550 dut
601 499 667 550 tulis
682 497 750 564 sorti
765 505 907 566 praeapte
925 499 1057 569 docetque,

419 567 477 629 Qua
494 573 592 633 nuptae
609 569 713 632 possint
727 567 823 632 follere
839 567 873 618 ab
889 576 950 621 arte
965 572 1070 634 ιιὶιιιιιις

384 635 439 686 Nee
455 635 507 700 suit
521 635 569 685 boc
583 635 625 685 tltt
641 633 749 702 fraud,
767 635 909 702 legiturque
926 637 1045 690 libutius

420 706 455 755 lit
470 705 572 770 placet,
591 709 617 753 ct
631 705 687 753 ium
703 709 729 753 tc
745 705 865 771 principe
880 711 959 756 notata
975 713 1044 758 erat.

245 842 307 904 lan
328 855 401 906 sero
423 838 460 901 de
479 839 641 920 Propertio
662 837 738 901 baec
761 835 861 901 addit:

371 984 496 1035 'lusatiae
512 983 600 1033 audam
617 980 709 1031 blaudi
724 988 866 1048 praecepto
882 981 1016 1051 Properti,

414 1054 558 1103 Districtaa
572 1051 681 1102 minima
697 1065 744 1101 nec
759 1057 845 1101 tumes
862 1052 907 1102 illc
923 1058 999 1104 sota.

243 1189 333 1253 'l'alia
354 1189 447 1268 igitur
466 1195 635 1271 praecepta,
657 1187 795 1267 quoniam
816 1185 899 1247 nulla
919 1185 951 1248 in
968 1187 1118 1268 Propertii
1138 1189 1236 1266 libris,
1256 1192 1302 1272 qui

243 1276 360 1357 quidem
381 1292 457 1337 nuuc
479 1282 595 1348 extant,
620 1290 744 1353 usquam
764 1271 967 1347 inveniantur,
993 1283 1026 1336 ut
1051 1274 1183 1354 plurima
1203 1277 1302 1358 deper-

243 1362 308 1425 dita
329 1363 404 1435 sint,
431 1361 557 1438 colligit.
598 1359 708 1422 Verum
735 1358 903 1421 accuratius
923 1357 1025 1424 Ovidii
1052 1359 1150 1444 locum
1172 1363 1302 1426 couside-

240 1449 374 1511 rautibus
395 1447 470 1509 nihil
490 1443 571 1508 aliud
591 1454 709 1524 poetam
727 1443 807 1528 pelle
829 1445 1002 1524 apparebit,
1023 1445 1082 1508 nisi
1103 1455 1152 1523 ut,
1180 1465 1238 1528 quo
1258 1449 1301 1510 la-

240 1535 326 1597 oilius
347 1533 460 1595 lasciua
480 1551 535 1594 sua
555 1531 687 1593 carmina
708 1537 842 1603 excuset,
869 1532 901 1590 iu
926 1531 1059 1592 omnibus
1082 1533 1133 1594 rel
1153 1535 1300 1596 severissi-

240 1621 294 1682 mis
317 1621 467 1702 epicorum
489 1626 519 1680 et
543 1617 725 1696 tragicorum
750 1624 905 1695 poetarum
927 1616 1068 1695 operibus
1090 1619 1182 1680 multa
1203 1637 1300 1683 occur-

238 1723 310 1768 rere
331 1706 453 1780 doceat,
474 1703 590 1783 quibus,
611 1704 637 1762 si
662 1719 722 1782 pua
742 1700 845 1781 puella
863 1701 1007 1776 uoluerit,
1029 1702 1114 1764 alere
1135 1707 1230 1786 possit
1249 1707 1300 1768 im·

237 1790 422 1873 pudicitiam.
471 1789 575 1867 Neque
603 1796 700 1850 tamen
728 1786 841 1849 idcirco
868 1804 1043 1866 quenquam
1070 1799 1121 1852 aut
1147 1793 1299 1854 Homerum

236 1886 352 1958 patrem
377 1884 430 1938 aut
456 1883 588 1937 sanctum
608 1870 805 1937 Menandrum
831 1873 1013 1952 perditorum
1039 1891 1152 1936 morum
1181 1895 1298 1940 accusa·

236 1973 333 2026 turum
355 1961 431 2024 csse.
473 1961 537 2022 lloc
558 1958 635 2020 idem
655 1959 686 2018 iu
708 1959 782 2038 ipsis
810 1958 949 2020 amatorii
969 1959 1107 2021 carminis
1130 1965 1298 2026 auctoribus

236 2047 340 2111 ualere
367 2047 471 2118 docet,
498 2043 691 2124 siugulosque
716 2042 872 2124 deinceps,
901 2043 952 2124 qui
973 2054 1042 2107 autc
1070 2065 1154 2108 suam
1177 2058 1298 2114 astate·

235 2135 292 2196 boc
318 2150 430 2214 genere
449 2129 568 2192 laudem
590 2129 719 2191 assecuti
738 2129 812 2203 siut,
838 2136 998 2191 enumerat.
1040 2131 1176 2212 Longius
1198 2136 1229 2197 in
1251 2153 1298 2198 cx-

235 2219 378 2299 ponendis
399 2217 512 2280 Tibulli
533 2216 651 2297 scriptis
672 2223 883 2290 commoratur,
903 2222 937 2276 ut
957 2215 1009 2294 qui
1030 2235 1084 2279 suo
1105 2221 1213 2297 generi
1231 2237 1298 2302 pro-

234 2305 329 2366 ximus
352 2303 472 2367 disertis
491 2302 590 2365 serbis
609 2301 719 2381 passini
741 2309 903 2382 praecepta
923 2299 1054 2376 dederit,
1081 2305 1190 2383 quibus
1211 2315 1297 2388 nupta

233 2389 343 2452 lallare
374 2388 470 2470 possit
497 2389 601 2451 sirum.
650 2385 759 2449 Paucis
789 2386 918 2449 absoluit
941 2385 1145 2467 Propertium,
1177 2393 1208 2452 in
1241 2408 1295 2472 quo

235 2475 364 2538 eadent
398 2474 526 2536 inveniri
557 2480 773 2554 praccepta
799 2471 858 2534 ait.
913 2470 992 2548 Quid
1025 2473 1144 2552 igitur?
1194 2478 1296 2540 Nonne

233 2563 333 2623 omnia
344 2558 669 2641 Propertiisolumiua,
685 2559 716 2619 iu
733 2574 809 2638 quae
826 2557 865 2618 iis
882 2555 966 2618 abuti
984 2557 1056 2620 velit
1074 2561 1182 2624 mulier
1200 2572 1295 2645 nupta,

230 2647 304 2708 talia
332 2648 483 2708 continere
509 2652 671 2726 praecepta
692 2642 848 2704 dicamus?
889 2640 966 2718 Quid
990 2644 1067 2705 enin
1093 2645 1131 2708 dc
1159 2659 1296 2729 praetore

231 2731 327 2794 dicam
350 2733 394 2812 (l,
414 2729 477 2808 8.),
498 2749 585 2813 quem
605 2738 637 2791 ut
657 2728 796 2790 stolidum
816 2726 905 2807 pleno
926 2727 1039 2791 uellere
1059 2749 1153 2811 pecus
1174 2734 1296 2815 Gyntbia

222 2835 357 2899 ¹carpere
377 2817 496 2880 iubetur
509 2815 561 2895 (Π,
576 2812 653 2892 16.),
671 2812 741 2894 quid
762 2812 799 2874 de
816 2812 907 2874 clusis
927 2814 1099 2879 custodibus
1113 2816 1165 2896 (ll,
1178 2825 1230 2896 23,
1241 2821 1295 2901 4.),

231 2904 301 2984 quid
330 2904 367 2965 dc
395 2903 519 2982 Cynthia
546 2901 616 2962 fune
644 2901 676 2960 iu
705 2899 828 2960 amantis
862 2899 1013 2978 amplexus
1042 2902 1143 2964 furtim
1172 2905 1295 2988 delapsa

230 2989 282 3064 (ll,
298 2987 422 3068 7‚17.),
446 2986 585 3049 dumille
609 2985 740 3048 excubiis
765 2994 795 3047 ct
820 2983 969 3046 liminibus
995 2987 1109 3050 lrustra
1130 2990 1293 3070 obsignatis

230 3075 294 3154 (lv,
318 3073 487 3155 1,14t3.)t
528 3074 633 3136 Nonne
660 3070 735 3132 talia
757 3069 892 3148 exempla
915 3069 1086 3135 efficaciora
1112 3084 1179 3137 sunt
1207 3095 1293 3159 prac-

227 3161 335 3242 ceptis‚
362 3177 440 3241 quae
466 3158 572 3220 doctae
600 3157 792 3236 expositionis
819 3155 974 3219 traduntur
1000 3160 1127 3236 ambitu,
1153 3179 1292 3242 pracser-

226 3248 277 3308 tim
304 3263 367 3308 cum
396 3261 449 3306 suo
478 3242 611 3324 exemplo
640 3241 751 3303 similes
777 3250 908 3303 amantes
930 3241 1040 3307 docere
1061 3264 1095 3308 se
1118 3249 1199 3310 selle
1218 3250 1294 3312 Pro·

224 3333 337 3412 partius
364 3330 453 3393 toties
473 3329 670 3410 profiteatur?
699 3325 760 3404 (Gi.
780 3325 819 3388 L.
840 3326 878 3390 ΙΙ.
899 3325 973 3410 Gap.
995 3329 1047 3394 tv.
1068 3331 1148 3394 adde
1167 3333 1218 3396 El.
1240 3335 1291 3412 lll,

226 3421 261 3492 3,
283 3420 335 3480 47.
358 3415 448 3496 sqq.).
490 3415 529 3476 At
555 3432 593 3476 ue
613 3430 686 3475 sera
707 3411 841 3493 quidem,
869 3417 1084 3493 quaeratione
1110 3427 1142 3480 et
1167 3421 1219 3483 ria
1240 3439 1291 3486 cx·
1385 3435 1386 3458 ³

221 3512 384 3584 ponuntur,
412 3508 574 3581 praecepta
594 3499 708 3560 desunt.
749 3497 878 3579 Adspice
901 3492 1004 3575 nodo,
1031 3503 1091 3577 sis,
1115 3503 1234 3568 doctam
1253 3507 1291 3569 il·
1385 3529 1386 3572 1

98 3632 103 3643 ·
221 3589 281 3650 lam
303 3588 438 3660 lenam,
461 3603 538 3665 quae
559 3584 621 3660 (El.
638 3584 689 3658 IV,
708 3583 739 3658 5,
761 3587 925 3662 21-60.)
949 3603 1049 3649 onnes
1070 3588 1196 3654 fallaces
1218 3593 1289 3654 istas

220 3682 300 3736 artes
322 3673 352 3734 in
373 3670 574 3752 compendium
594 3667 731 3732 redactas
755 3668 791 3730 do
811 3671 927 3750 pulpito
949 3673 1035 3752 quasi
1054 3675 1211 3754 prodocet,
1231 3695 1289 3740 uon
1385 3679 1386 3744 Ϊ

140 3783 144 3792 v
218 3775 360 3836 rugarum
385 3758 480 3820 solum
506 3756 674 3838 puellarum
700 3756 912 3832 sectatoribus,
937 3763 1152 3826 verumetiam
1174 3766 1287 3826 maritis

182 3867 190 3884 ·
217 3845 365 3905 nocitura.
408 3843 493 3919 Quae
515 3844 542 3905 si
569 3843 635 3922 ipse
656 3839 831 3920 Propertius
853 3841 972 3904 multum
995 3845 1081 3908 abest
1107 3858 1140 3910 ut
1164 3848 1287 3930 probet:

216 3929 292 3992 uilil
320 3930 378 3990 hoc
404 3929 444 3991 ad
464 3947 538 3992 rem.
580 3927 655 3989 Nam
677 3928 734 3988 boc
756 3924 831 3987 illud
855 3936 915 4004 est,
937 3929 1017 4009 quod
1040 3932 1163 3996 Ouidius
1186 3934 1286 3998 dicere
1385 4005 1386 4008 Ἴ

131 4047 134 4056 ·
214 4015 323 4088 soluit,
351 4032 388 4079 cx
415 4016 533 4096 scriptis
555 4013 633 4076 falso
655 4021 778 4074 mentem
805 4022 914 4092 poetae
942 4014 1110 4080 diiudicari.
1152 4019 1286 4100 Egregia
1385 4011 1386 4034 ¹

214 4109 310 4161 autem
331 4101 438 4163 iterum
461 4103 510 4164 hic
535 4099 735 4164 hallucinatur
755 4095 889 4160 Nobbius
911 4099 946 4174 (l.
967 4100 989 4163 l
1009 4121 1040 4184 p.
1060 4106 1147 4181 39.),
1174 4107 1227 4187 qui
1253 4114 1285 4169 ut
1385 4101 1386 4116 ³

210 4185 429 4248 Lachmaunum
455 4186 581 4260 refutet,
608 4192 750 4263 corrupto
779 4183 873 4246 utitur
899 4184 949 4248 El.
968 4187 1016 4262 ll,
1037 4193 1096 4264 34,
1117 4193 1169 4255 83.
1199 4192 1282 4255 testi·
1385 4261 1386 4272 χ

210 4270 318 4332 monio.
369 4272 436 4336 lllic
463 4274 541 4338 cuin
567 4271 743 4352 Propertius
768 4286 828 4334 nou
855 4267 895 4334 dc
921 4288 957 4336 sa
983 4272 1133 4356 loquitur,
1161 4277 1216 4340 scd
1243 4275 1281 4340 dc
