2806 4974
228 342 304 424 194
541 351 735 414 Quaestionum
751 351 835 410 Liber
853 352 996 410 secundm

229 550 298 599 meu
318 539 349 598 et
367 530 476 596 tamam
498 537 579 596 esset
604 529 783 594 assecutus?
826 527 908 608 Quiit
931 529 1011 613 puotl
1038 537 1200 614 temporum
1218 530 1289 596 ratio

229 621 350 686 tlirersu
369 617 557 700 Propertium
576 633 674 700 paeue
694 615 810 696 coegit,
831 625 864 680 ut
885 617 1019 700 exemplo
1041 619 1212 698 magistrum
1231 619 1291 681 uiu-

230 706 337 772 cerett
386 705 462 770 Nam
496 720 562 766 cum
589 703 745 783 Cyrenaeo
777 719 934 766 causarum
966 713 1090 767 auctore
1123 722 1183 768 noo
1211 704 1290 765 uiuis

230 791 387 858 Graeciam
407 789 580 872 superbisse
607 787 777 864 credamus,
802 800 913 870 quanto
941 790 1009 872 plus
1032 791 1166 854 llomsuo
1188 789 1305 852 homiui·

230 896 304 942 suae
326 878 425 957 gentis
452 875 594 939 historias
615 874 701 938 cordi
726 874 819 938 luisse
842 895 929 956 qoam
952 876 1100 940 Graeculo
1121 887 1152 940 et
1170 877 1293 940 Alexar-

229 963 318 1027 uriuo
340 970 567 1026 cousentaneum
588 968 650 1038 est,
674 969 758 1024 teuto
785 972 953 1042 superatum
981 964 1179 1043 locgenere
1200 980 1293 1026 uerum

229 1048 443 1114 Callimachum
462 1049 500 1111 alt
523 1047 641 1111 aemulo
659 1047 770 1110 Umbro
798 1049 878 1112 ratr'o
898 1058 1006 1131 aperto
1026 1050 1119 1129 cogit.
1161 1049 1294 1111 Praeter·

229 1153 268 1200 ea
289 1135 320 1198 in
347 1135 394 1199 his
417 1142 499 1198 certe
520 1136 613 1215 epicIs
643 1135 790 1199 rationem
811 1135 841 1196 iu
857 1136 1029 1215 ‚uuiversum
1051 1143 1294 1214 argumentorum,

230 1237 293 1286 uon
319 1220 388 1304 ipsa
412 1229 588 1300 argumenta
613 1229 647 1282 ut
673 1220 839 1283 imitaretur
859 1222 1051 1304 Propertius,
1080 1221 1217 1284 diuersae
1240 1221 1294 1282 itm

231 1306 377 1374 Graeciae
397 1315 428 1370 et
447 1307 560 1371 Itomae
578 1307 725 1370 historiae
746 1304 915 1370 effecerunt.
957 1306 1020 1370 Nec
1039 1307 1067 1369 si
1086 1307 1218 1388 quoeris,
1237 1306 1295 1367 ulio

116 1463 120 1474 ,
229 1394 350 1458 somine
373 1411 501 1474 uuquam
529 1402 704 1473 argumento
723 1391 991 1457 Alexandrinorum
1017 1401 1149 1456 secutum
1175 1411 1208 1454 se
1233 1409 1295 1455 esse

231 1480 291 1555 ait,
320 1497 407 1561 ιῑιιιιιιι
429 1489 575 1561 quatenus
601 1496 666 1541 cum
690 1495 827 1542 uersuum
849 1489 879 1544 et
903 1496 1091 1542 numerorum
1112 1481 1230 1541 ratione
1250 1495 1296 1539 ar·

229 1565 344 1630 tissime
366 1574 465 1629 essert
485 1565 651 1628 coniuncta.
693 1564 773 1626 Illa
792 1566 886 1644 igitur
905 1566 1049 1628 imitatum
1071 1582 1105 1626 se
1125 1583 1193 1628 esse
1215 1581 1296 1626 cor-

231 1650 353 1729 cetlit,
379 1651 447 1715 hos
469 1652 558 1714 etiam
581 1650 783 1714 contendit
807 1660 838 1715 et
858 1660 980 1733 pugnat.
1024 1651 1099 1715 Nam
1122 1668 1189 1714 oum
1210 1649 1297 1714 Galli-
1386 1715 1387 1728 ¹

231 1737 330 1801 machi
357 1735 499 1801 hederam
521 1735 583 1814 (El.
603 1736 655 1813 1v,
677 1740 712 1814 I,
731 1735 801 1818 61.)
828 1756 904 1820 prae
931 1739 1046 1800 lrirsuta
1069 1735 1160 1800 Iquii
1189 1753 1296 1800 corona
1386 1737 1387 1740 ’

232 1823 303 1886 sthi·
319 1825 435 1905 poscit,
462 1821 535 1904 puisi
562 1824 595 1884 iu
623 1823 680 1886 illo
701 1823 831 1907 probet,
859 1825 1026 1904 appositum
1055 1822 1152 1904 ipsum
1178 1821 1298 1887 llemaui
1386 1901 1387 1908 ἵ

232 1908 310 1972 ratis
340 1908 505 1990 exemplum
534 1905 639 1984 docet,
676 1906 715 1971 (le
746 1926 805 1990 quo
833 1909 1130 1974 provisumst.
1154 1908 1201 1985 II,
1226 1911 1296 1972 434.
1386 1921 1387 1934 ’

230 1993 336 2060 Valet.
365 1991 447 2060 Max.
469 1993 554 2069 VIII,
576 1998 632 2069 14,
657 1997 686 2057 1.
720 1994 794 2059 llor.
822 1995 900 2058 Satt.
922 1996 954 2071 1,
976 1999 1034 2072 10,
1057 1998 1110 2060 66.
1140 1995 1297 2062 Weiclert.
1386 2031 1387 2058 ι

231 2076 272 2142 ue
292 2079 397 2143 Horat.
421 2078 670 2143 obtrectatoribus
687 2079 716 2164 ξ.
733 2085 764 2146 3.
784 2083 896 2156 uotfi.
920 2090 950 2145 ct
969 2099 1023 2144 uos
1044 2081 1075 2143 in
1093 2081 1298 2145 dissertatione

231 2163 272 2227 ael
291 2165 405 2228 isitium
424 2166 510 2228 huius
529 2166 636 2247 capitis
657 2165 748 2229 citata
761 2184 791 2248 p.
806 2170 857 2231 13.
872 2170 923 2231 14.
966 2167 1092 2231 Lautum
1112 2169 1207 2247 igitur
1222 2185 1299 2229 muu-

231 2248 336 2314 rlitiem
349 2250 525 2314 Callimachi
546 2261 576 2315 et
594 2251 718 2314 Ilmaudi
739 2251 903 2315 sollertiam
924 2253 973 2315 lric
992 2254 1300 2335 quoque‘Propertius

232 2336 426 2400 commendet.
469 2337 545 2399 Illuc
560 2338 638 2400 euim
650 2337 743 2400 'etiem
755 2338 967 2402 Gallmaclum
985 2339 1104 2417 laudem
1118 2351 1148 2404 et
1166 2339 1299 2421 adeptum

233 2438 301 2486 esse
323 2423 377 2485 alii
396 2429 527 2486 veterum
549 2423 748 2500 cousentqut,
771 2433 801 2488 et
821 2425 986 2505 quaesiisse
1006 2443 1039 2488 se
1058 2427 1125 2508 lpse
1146 2426 1299 2507 siguificat,

233 2523 299 2572 cum
326 2507 357 2570 in
379 2509 546 2572 Artimacli
569 2507 654 2590 Lyde
678 2513 859 2573 contrarium
883 2512 1041 2592 vituperet.
1085 2511 1133 2576 ct.
1155 2512 1231 2575 Gall.
1253 2528 1297 2592 ap.

235 2593 339 2658 Schol.
360 2593 400 2656 erl
421 2595 508 2656 hicn.
531 2595 650 2674 Perieg.
671 2599 745 2661 316.
765 2595 813 2659 ed.
828 2598 938 2660 Ber-ul.
960 2597 1093 2676 (Ernest.
1114 2608 1194 2662 suet.
1215 2599 1298 2677 irgm.

233 2674 664 2764 Galt.cttttcxet.):11ttp
686 2677 744 2744 καὶ
770 2675 860 2759 παχὺ
881 2675 1019 2766 γράμμα
1046 2676 1104 2745 καὶ
1126 2673 1167 2746 οὗ
1194 2674 1299 2768 τυρόν.

230 2762 344 2840 Goutra
357 2764 539 2850 Griragcrpr
560 2768 655 2848 epigr.
670 2768 701 2829 iu
715 2766 847 2831 llecalerr
865 2767 1009 2849 (Bruncl.
1021 2767 1119 2834 Auall.
1133 2769 1173 2834 ll.
1187 2789 1218 2854 p.
1231 2771 1298 2836 144.

229 2865 259 2914 rr.
280 2851 333 2918 15.
353 2850 389 2914 Τ.
408 2850 447 2918 II.
466 2870 497 2935 p.
516 2855 589 2917 131.
608 2852 759 2936 luoolts.):
1281 2862 1283 2866 ’

298 2979 537 3056 Καλλιμάχου
555 2979 592 3036 τὰ
612 2981 781 3056 τορευτὸν
798 2982 867 3045 ἔπος
882 2981 957 3040 τόδε·
975 2980 1009 3053 δὴ
1027 2980 1082 3058 γὰρ
1100 2983 1142 3042 ἐπ’
1163 2985 1238 3059 αὐτῷ

333 3046 417 3123 ‘strip
435 3054 491 3108 τῶν
506 3053 650 3108 Μουσέων
665 3049 773 3113 πάντας
790 3052 878 3108 ἔσεισε
895 3048 996 3114 κάλως.
1116 3049 1123 3068 '

231 3167 288 3235 ttut
309 3170 347 3234 ci.
368 3187 485 3236 versum
507 3172 608 3236 Ouidii
628 3174 748 3257 saepius
769 3173 829 3237 iam
850 3192 870 3237 e
890 3174 976 3238 uehis
997 3174 1118 3240 citatum
1139 3175 1257 3239 Amorr.
1276 3173 1298 3251 I,
1337 3213 1339 3220 ι
1387 3189 1388 3254 t

140 3280 143 3286 ¹
234 3258 292 3332 15,
322 3260 374 3320 14.
417 3255 608 3322 Commodum
636 3271 734 3324 autem
761 3259 950 3341 Griuagorae
978 3261 1090 3324 iudicio
1120 3261 1199 3325 alius
1226 3263 1299 3326 Pro-

232 3342 325 3423 pertii
346 3343 431 3406 locus
453 3346 601 3408 succurrit
622 3343 682 3425 (II,
705 3349 762 3422 34,
785 3351 837 3411 29.
860 3347 958 3428 opp),
978 3364 1037 3428 quo
1058 3347 1208 3428 Lynceum
1230 3364 1300 3429 poe·

231 3438 291 3491 tam
312 3445 431 3504 „seros
443 3446 560 3492 amores
580 3431 798 3512 insanientem“
817 3433 1007 3511 adhortatur,
1028 3442 1060 3497 ut
1080 3435 1189 3500 relleto
1208 3434 1299 3496 arduo

232 3531 358 3578 seuerae
388 3514 566 3594 tragoediae
593 3517 692 3580 studio
719 3518 761 3581 al
789 3518 964 3583 Callimachi
992 3521 1093 3602 potius
1121 3523 1242 3585 Musam
1268 3534 1299 3580 se

231 3599 373 3681 appllere
420 3600 495 3701 llam
526 3601 623 3679 idem,
652 3603 732 3685 quod
760 3606 855 3668 amico
882 3606 1025 3683 suadeat,
1054 3606 1094 3669 ul
1114 3605 1299 3705 Propertium

230 3702 352 3836 titt:
366 3691 1077 3862 titilttuttllltututeli
1090 3692 1209 3844 ,Illi
1223 3709 1299 3862 ,tr

230 3864 291 3921 tum
312 3875 347 3923 se
368 3877 435 3924 esse
456 3860 616 3942 gloriatur.
659 3863 715 3927 llic
736 3865 832 3946 igitur
853 3861 897 3945 (ι.
916 3864 1001 3948 41.);

368 3987 480 4056 Deaioe,
499 3985 552 4056 ait,
571 3995 597 4040 ot
613 3989 738 4058 Archytae
754 4009 908 4061 composcere
923 3991 1006 4046 cerlo
1022 3993 1158 4062 colloreto,

401 4057 511 4125 Desiste,
531 4065 557 4110 et
574 4059 609 4110 ud
625 4061 744 4114 molles
760 4061 877 4114 membro
893 4064 995 4117 resolve
1012 4063 1148 4117 olores:

367 4123 455 4192 Incipe
473 4126 528 4178 tom
546 4136 694 4194 coprete
712 4145 834 4184 cereos
854 4132 985 4184 includere
1002 4138 1119 4201 toro03

401 4193 482 4261 quoe
497 4201 558 4249 teos
575 4199 662 4265 lyces,
681 4197 875 4268 derepente,
892 4203 960 4256 cml.

16 4375 17 4416 ἕ
123 4303 125 4308 ’
226 4302 289 4368 Ηίι-
308 4303 402 4386 Igitur
431 4306 555 4390 primum
585 4309 738 4388 hortator,
755 4319 793 4376 ut
817 4311 972 4378 mollitiem
993 4330 1130 4380 uersuum
1152 4320 1217 4379 orte
1237 4310 1296 4378 clu·
