2848 4972
108 305 114 314 '
230 323 273 388 oo
551 317 765 385 rauranum
784 319 848 386 au.
867 319 930 400 ιιι,
949 317 1008 386 a·

275 487 396 556 Infelix
418 484 559 574 Aquilo,
581 493 699 575 raptae
721 489 818 556 timor
839 485 1026 577 Orithyiae,

319 591 414 676 Quae
436 592 543 679 spolia
565 608 608 656 ex
630 592 686 658 ilio
707 598 801 660 tanta
822 593 916 660 tuere
935 591 1022 662 titii

154 715 158 724 ·
234 708 259 752 ¹⁵
275 697 345 764 Aut
368 694 522 782 quidnam
543 695 651 762 fracta
671 695 823 784 gaudes,
845 699 1017 785 Neptune,
1039 696 1179 768 carina?
1379 771 1380 782 .

316 797 475 866 Portabat
498 803 634 864 sanctos
656 798 774 864 alveus
794 798 851 864 ille
872 801 975 865 viros.
1378 811 1380 878 t

274 902 395 985 Paete,
417 900 496 987 quid
517 907 662 967 aetatem
682 897 864 968 numeras?
886 901 965 988 quid
988 919 1069 968 cara
1088 903 1218 971 natanti
1379 883 1380 896 ἵ

316 1006 425 1072 Mater
446 1007 481 1071 in
502 1021 559 1070 ore
584 1006 644 1072 tibi
666 1001 744 1072 est?
765 1024 830 1071 non
852 1003 954 1072 habet
975 1003 1065 1070 unda
1086 1004 1182 1074 deos,

273 1110 359 1175 Nam
381 1110 440 1175 tibi
463 1110 631 1175 nocturnis
654 1107 698 1173 ad
720 1127 808 1173 saxa
827 1108 934 1197 ligata
955 1109 1109 1194 procellis

229 1227 257 1272 ¹⁰
318 1213 436 1282 Omnia
458 1211 579 1280 detrito
601 1213 733 1280 vincula
754 1213 832 1279 fune
855 1211 988 1278 cadunt.

273 1316 360 1387 Sunt
381 1318 660 1406 Agamemnonias
682 1318 843 1383 testantia
864 1316 960 1381 litora
983 1331 1095 1396 curas,

317 1416 413 1501 Quae
435 1424 529 1485 notat
550 1419 704 1506 Argynni
725 1434 849 1502 poena,
871 1412 1160 1483 Athamantiadae.

271 1521 346 1591 Hoc
366 1523 489 1589 iuvene
510 1523 635 1588 amisso
658 1522 800 1587 classem
822 1539 887 1586 nou
908 1519 1009 1585 solvit
1030 1516 1182 1601 Atrides,

314 1625 378 1692 Pro
402 1644 468 1712 qua
487 1631 631 1692 mactata
652 1631 706 1689 est
727 1623 902 1710 iphigenia
922 1639 1024 1688 mora.

227 1744 255 1790 m
271 1725 416 1796 Reddite
438 1745 556 1812 corpus
579 1723 692 1808 humo,
715 1727 888 1810 positaque
910 1725 944 1788 in
966 1721 1099 1812 gurgite
1120 1719 1195 1786 vita

313 1829 452 1895 Paetum
474 1833 592 1913 sponte
612 1832 688 1910 tua,
708 1825 787 1891 vilis
810 1842 931 1907 arena,
953 1830 1069 1911 tegas:

271 1930 320 2001 Et
340 1933 492 2018 quotiens
514 1930 610 1996 Paeti
632 1930 787 1996 transibit
804 1936 908 1996 nauta
930 1928 1127 2015 sepulcrum,

312 2033 428 2100 Dicat:
449 2029 527 2116 „Et
548 2029 666 2096 audaci
688 2036 724 2096 tu
745 2031 841 2097 timor
863 2047 943 2096 esse
965 2028 1094 2115 potes.“

233 2129 234 2134 ’
270 2135 341 2221 lte,
361 2138 454 2202 rates
475 2152 598 2201 curvas
621 2139 655 2200 et
675 2134 734 2200 icti
756 2135 861 2200 texite
883 2149 1021 2200 causas:

225 2253 253 2298 ³⁰
313 2240 387 2307 Ista
407 2255 468 2328 per
488 2237 649 2306 damnas
669 2258 757 2306 mors
778 2240 872 2305 venit
893 2245 969 2305 acta
989 2255 1117 2304 manus.

269 2345 376 2413 Terra
396 2361 511 2429 parum
530 2343 641 2410 suerat
660 2344 757 2409 fatis:
781 2343 962 2410 adiecimus
982 2339 1102 2426 undas,

312 2447 480 2524 Fortunae
501 2447 644 2512 miseras
666 2447 818 2512 auximus
839 2451 912 2512 arte
933 2447 1019 2511 vias.

271 2554 406 2621 Ancora
420 2551 460 2617 'te
479 2557 612 2635 teneat,
626 2571 730 2638 ,quem
752 2571 817 2619 non
838 2559 975 2620 tenuere
996 2547 1169 2618 Penates?

312 2653 398 2739 Quid
420 2657 569 2732 meritum
591 2653 705 2738 dicas,
727 2657 781 2722 cui
802 2673 866 2722 sua
886 2662 978 2722 terra
999 2645 1114 2739 parum
1135 2648 1216 2724 est?

224 2781 251 2826 m
267 2761 447 2830 Ventorum
467 2764 539 2841 est,
562 2756 788 2845 quodcumque
810 2775 927 2844 paras:
947 2756 1036 2823 haud
1058 2757 1125 2836 ulla
1146 2758 1261 2824 carina

311 2861 510 2944 consenuit,
532 2861 617 2927 fallit
637 2868 752 2947 portus
775 2868 809 2928 et
830 2863 904 2947 ipse
928 2860 1036 2928 fidem.

266 2972 395 3039 Natura
416 2965 557 3033 insidias
580 2973 710 3054 pontum
733 2969 918 3034 substravit
938 2967 1066 3033 auroris:

310 3071 357 3142 Ut
377 3071 437 3142 tibi
457 3069 635 3156 succedat,
655 3073 715 3139 vix
737 3071 841 3140 some}
862 3089 942 3139 esse
963 3075 1084 3158 potest.

157 3395 159 3404 .
322 3353 365 3408 ta.
388 3365 492 3404 memor
512 3351 605 3420 Para,
625 3353 646 3421 f.
664 3351 697 3409 P.
724 3349 839 3406 orithiaa
855 3351 894 3406 Ν.
911 3347 989 3404 Hb..
1058 3351 1101 3401 oo.
1123 3343 1247 3401 Portabit
1268 3360 1291 3397 e.

221 3441 264 3494 18.
283 3435 331 3491 tibi
350 3436 378 3490 in
396 3453 443 3490 ore
460 3436 498 3494 N.
521 3444 564 3490 est
581 3455 632 3496 oar.
648 3443 687 3497 Η.
705 3454 753 3495 ora
769 3454 794 3495 r.
863 3443 907 3491 19.
925 3436 989 3489 fexa
1005 3431 1058 3492 Hb.
1124 3437 1168 3490 20.
1188 3432 1291 3498 omnia,

220 3535 256 3574 oo
273 3520 371 3574 Omina
388 3521 491 3574 dotium
508 3522 546 3576 N.
568 3523 602 3575 do
620 3524 682 3577 trito
702 3540 727 3577 r.
748 3541 792 3593 a,
812 3522 846 3576 de
863 3520 935 3576 tristi
949 3525 988 3576 Η.
1055 3524 1099 3574 22.
1118 3521 1179 3578 Qua
1197 3533 1289 3573 omues.

218 3611 283 3659 nota
302 3608 334 3660 G.
353 3606 458 3672 arginni
474 3624 499 3661 v.
517 3624 539 3662 c.
558 3609 589 3667 P.
606 3611 653 3678 tt,
676 3609 762 3674 argini
779 3626 823 3676 a,
842 3605 940 3674 agynni
958 3607 1010 3674 N.,
1028 3604 1112 3670 argivi
1128 3612 1165 3659 H.
1178 3608 1232 3675 M„
1250 3620 1289 3656 ar-

218 3690 287 3757 givis
307 3694 356 3760 0.,
374 3692 494 3758 argivum
510 3710 535 3752 r.
551 3696 585 3750 D.
603 3711 689 3764 poena
707 3695 833 3748 minantis
851 3710 937 3763 aquae
956 3694 989 3750 d.
1005 3695 1041 3746 R.
1058 3693 1096 3744 N.
1114 3689 1169 3748 Hb.
1188 3709 1227 3760 aa,
1244 3705 1290 3742 na·

217 3776 298 3830 tantia
324 3793 411 3846 aquae
428 3780 469 3832 M.
491 3781 522 3834 V.
608 3785 651 3835 24.
676 3780 819 3850 iphigenea
836 3780 875 3837 N.
959 3782 1003 3836 23.
1026 3777 1114 3848 posita
1136 3783 1178 3832 est
1202 3777 1230 3830 in
1252 3777 1288 3832 N.

218 3867 262 3918 29.
281 3865 326 3916 Ira
342 3869 378 3920 N.
396 3880 492 3920 curvae
511 3869 544 3922 G.
561 3871 597 3922 N.
610 3870 646 3919 R.
659 3869 710 3934 A,
730 3883 810 3921 curvo
825 3865 882 3924 Hir.
901 3868 940 3935 et]
959 3865 997 3919 ite
1014 3867 1055 3918 Μ.
1073 3865 1153 3918 letius
1173 3866 1217 3932 6.,
1235 3865 1290 3916 loo-

217 3947 293 4002 tiro.
316 3949 386 4002 inter·
403 3949 448 4002 teti
468 3958 493 4003 ct
510 3967 604 4006 causas
626 3953 745 4006 toserrart
762 3969 867 4022 qnoque
883 3955 919 4006 A.
937 3970 981 4022 aa,
1008 3957 1122 4006 aecumst
1138 3951 1178 4004 M.
1196 3953 1226 4008 V.
1251 3955 1290 4002 ta-

216 4030 268 4085 rite
285 4037 322 4086 N.
381 4037 426 4088 30.
444 4033 560 4088 humana
575 4038 610 4089 D.
674 4041 719 4091 31.
738 4035 813 4106 fatis]
833 4037 909 4090 terris
927 4054 971 4106 o.,
989 4034 1051 4089 fatis
1067 4037 1143 4090 Pero.
1160 4033 1287 4092 REM·

214 4122 259 4174 33.
276 4115 399 4172 Auchora
417 4122 450 4173 G.
464 4121 500 4174 R.
520 4126 647 4190 poenatea
661 4121 716 4178 Hb.
776 4124 820 4179 34.
838 4121 902 4192 quoi
923 4125 956 4174 G.
977 4123 1019 4189 7.,
1035 4137 1085 4174 om.
1100 4113 1148 4176 H.
1189 4123 1232 4172 37.
1249 4117 1301 4194 ίιι-Ι

215 4201 315 4256 sidians
343 4204 380 4259 N.
404 4205 440 4261 It.
465 4202 518 4260 Hi.
542 4205 575 4260 A.
606 4205 751 4260 substernit
773 4203 829 4260 Hi.
854 4222 897 4276 pr.
922 4222 958 4260 ur.
987 4203 1083 4260 matria
1109 4219 1153 4272 pr.
1177 4219 1213 4256 ru.
1236 4197 1285 4254 Hb·

213 4289 256 4342 38.
276 4285 327 4340 sibi
346 4287 387 4340 M.
