2848 4972
433 289 648 363 PROPERTII
668 286 732 352 ΕΙ..
753 284 815 360 ΠΙ,
839 278 867 344 i.

162 479 211 548 At
231 472 309 542 mihi
332 466 421 558 quod
441 467 521 534 vivo
543 459 727 529 detraxerit
747 449 864 521 invida
884 446 992 528 turba,

202 582 285 647 Post
306 580 427 645 obitum
450 567 572 657 duplici
592 566 706 631 fenore
727 555 847 626 reddet
864 551 990 617 Honos.
1044 545 1051 551 '

162 683 280 754 Omnia
302 685 378 767 post
399 667 521 744 obitum
541 671 638 758 fingit
658 665 785 732 maiora
804 659 977 724 vetustas:

204 788 314 854 Maius
337 785 379 850 ab
403 778 553 864 exequiis
575 788 692 840 nornen
712 770 747 832 in
766 779 826 830 ora
846 757 951 825 venit.

119 905 147 949 ²⁵
164 890 346 976 Numquis
369 903 453 972 equo
476 879 592 969 pulsas
616 875 758 960 abiegno
780 863 936 933 nosceret
956 868 1066 933 eroes,

168 1003 171 1006 ’
204 993 420 1075 Fluminaque
440 983 623 1054 Haemonio
646 976 793 1044 eominus
812 968 887 1034 isse
906 963 993 1044 viro,

163 1096 304 1162 Idaeum
318 1093 488 1160 Simoenta
509 1087 602 1153 lovis
626 1076 786 1148 cunabula
806 1070 914 1159 parvi,

204 1200 351 1265 Hectora
371 1214 430 1282 per
451 1207 585 1278 campos
607 1192 659 1252 ter
679 1178 869 1248 maculasse
887 1159 1005 1236 rotas?

161 1301 434 1388 Deiphobumque
448 1296 675 1375 Helenumque
690 1290 724 1350 et
734 1274 995 1364 Pulydamantas
1014 1263 1055 1328 in
1066 1247 1190 1332 armis?

118 1420 147 1464 ³⁰
208 1406 484 1489 Qualemoumque
503 1399 605 1466 Parin
624 1395 684 1458 vix
706 1405 769 1454 sua
789 1383 906 1450 nosset
925 1373 1053 1440 humus.

162 1509 299 1598 Exiguo
320 1521 473 1574 sermone
493 1503 583 1569 fores
603 1513 707 1576 nune,
727 1490 811 1556 Ilion
830 1489 866 1550 et
885 1487 924 1548 tu

206 1615 307 1680 Troia
329 1611 381 1678 bis
405 1607 524 1676 Oetaei
544 1603 675 1670 numine
697 1599 797 1679 capta
819 1588 884 1655 dei.

164 1717 238 1782 Nec
261 1733 326 1780 non
348 1712 404 1778 iile
425 1711 475 1778 tui
494 1723 596 1774 nasus
618 1700 815 1767 memorator
832 1687 999 1756 Homerus
1035 1704 1056 1719 ·’

206 1818 408 1883 Posteritate
429 1831 524 1879 suum
549 1819 704 1874 crescere
725 1797 833 1865 sensit
854 1807 947 1877 opus.

120 1936 148 1982 ³⁵
165 1922 286 2006 Meque
307 1925 393 1986 inter
413 1935 509 1984 seros
531 1910 680 1980 laudabit
699 1906 807 1971 Roma
827 1898 986 1980 nepotes:

208 2024 302 2090 Illum
323 2028 398 2109 post
419 2023 549 2087 eineres
571 2027 715 2102 auguror
734 2011 811 2092 ipse
832 1999 929 2066 diem.

167 2132 222 2196 Ne
242 2145 317 2195 mea
339 2133 526 2211 contempto
547 2120 633 2206 lapis
654 2112 779 2181 indioet
799 2121 880 2172 ossa
901 2092 1054 2183 sepulcro

208 2235 382 2300 Provisum
406 2236 459 2296 est
476 2229 581 2312 Lycio
603 2225 683 2288 vota
705 2213 865 2303 probante
884 2203 959 2270 deo.

166 2337 330 2405 Carminis
350 2337 478 2398 interea
498 2327 603 2395 nostri
625 2321 801 2390 redeamus
823 2309 1002 2386 morbum,
1090 2302 1105 2334 ⁸

121 2460 150 2506 ω
211 2440 366 2510 Gaudeat
386 2442 424 2504 ut
442 2433 541 2502 solito
561 2431 653 2498 taeta
672 2421 781 2514 puella
801 2432 894 2484 sono.
999 2509 1002 2515 Ι

191 2728 235 2780 21.
253 2721 404 2773 detraxerat
423 2713 473 2786 aa]
489 2709 635 2768 detraxerit
650 2709 684 2764 D.
705 2706 736 2758 V.
754 2705 792 2756 H.
816 2693 924 2751 invidae
940 2687 978 2742 N.
1046 2685 1090 2736 22.
1108 2671 1196 2742 dupli·

123 2808 165 2866 oei
184 2811 222 2864 N.
238 2805 326 2860 reddit
342 2804 379 2860 N.
395 2806 430 2859 D.
447 2817 514 2856 onus
531 2803 568 2856 N.
584 2799 618 2849 D.
636 2797 674 2847 Η.
697 2793 728 2844 V.
746 2789 800 2856 M..
818 2799 885 2852 opor
902 2775 956 2842 Hb.
1024 2774 1068 2822 23.
1086 2757 1196 2828 Omnia]

124 2899 263 2952 Fame-
280 2895 400 2944 vetustae
417 2889 453 2946 N.
538 2887 581 2938 24.
599 2879 685 2936 Maria
702 2875 756 2932 Hb.
789 2925 790 2930 ,
841 2873 885 2923 25.
902 2876 988 2932 aequo
1008 2859 1042 2909 D.
1061 2854 1095 2906 ab
1112 2861 1197 2914 regno

129 2986 162 3040 G.
179 2999 204 3035 r.
224 2983 260 3034 H.
278 2979 318 3033 M.
343 2980 412 3028 artes
431 2977 466 3028 N.
487 2973 527 3024 M.
546 2987 572 3025 r.
670 2970 713 3020 2o.
737 2956 931 3022 Flumineaque
955 2961 999 3016 pr.
1017 2960 1052 2996 m.
1069 2934 1123 2995 Hb.
1148 2932 1198 2985 he-

125 3067 216 3122 monio
233 3070 287 3130 Ν..
305 3058 427 3112 aemonio
448 3061 481 3111 G.
498 3059 532 3109 R.
550 3053 690 3123 quominus
711 3051 744 3104 (i.
764 3060 823 3098 esso
841 3045 878 3098 N.
888 3040 927 3092 H.
995 3035 1039 3086 27.
1054 3026 1149 3078 ldeum
1160 3021 1197 3074 R·

124 3152 258 3206 simoenta
273 3149 306 3201 (i.
324 3145 454 3198 eouabuia
467 3139 532 3208 Ha,
550 3137 680 3190 cunabula
694 3130 768 3202 parvi
785 3145 836 3180 om.
846 3125 883 3179 Ν.
939 3121 983 3173 28.
999 3113 1132 3179 Hectorea
1143 3101 1198 3159 Hb.

125 3245 169 3292 29.
191 3231 360 3302 Deiphobum
377 3246 419 3296 η,
438 3225 659 3294 Deiphebnmqoe
676 3221 730 3288 N.,
749 3211 987 3281 Deiphaebnmque
1006 3201 1055 3267 0.,
1072 3189 1213 3259 Dviphffi'

11 3363 12 3366 =
124 3331 242 3392 bamque
262 3319 315 3372 Hir.
340 3317 540 3385 polydamautes
561 3311 593 3363 G.
610 3313 649 3362 H.
666 3309 721 3375 M„
740 3298 959 3373 poliiedamautea
976 3287 1028 3354 Ν..
1050 3277 1106 3351 puli
1122 3277 1198 3330 leda-

126 3416 230 3467 mantes
248 3405 318 3473 Ηῦ..
339 3391 542 3470 polydamantos
560 3399 611 3466 P.‚
628 3392 836 3459 Polydamantos
854 3386 904 3448 lt,
932 3370 1133 3445 polydamantao
1155 3362 1196 3431 tt,

124 3498 321 3563 Polydamanta
338 3491 387 3541 sub
405 3487 485 3540 armis
498 3488 575 3537 Perr.
628 3486 672 3537 3⁰.
684 3467 945 3540 ooalenaanquen„
963 3453 1197 3521 Quaiomuqueit.

125 3585 211 3656 parim
227 3582 259 3632 G.
271 3576 324 3632 Hb.
341 3575 372 3628 V.
391 3579 483 3626 noscet
500 3571 553 3625 Hb.
567 3587 593 3627 r.
649 3574 692 3621 31.
712 3579 783 3617 nuno
801 3565 828 3613 et
844 3558 911 3612 ilion
924 3548 988 3616 Hb..
1006 3557 1077 3598 nunc
1092 3539 1154 3592 ὶῐὶῡῑ
1165 3537 1198 3588 Ρ·

127 3673 172 3725 32.
190 3667 250 3718 oete
266 3663 295 3714 in
311 3659 358 3728 Ν..
378 3663 439 3711 oete
456 3657 484 3729 ip
501 3655 564 3723 (stc)
577 3656 613 3708 N.
633 3651 757 3705 ueoti'N.
812 3651 856 3699 33.
874 3640 1035 3694 memoratur
1047 3633 1083 3683 N.
1097 3622 1151 3678 Hir.
1165 3622 1198 3676 V.

126 3755 171 3806 34.
189 3744 369 3814 Prosperitate
382 3745 420 3795 H.
477 3744 520 3793 35.
538 3740 631 3807 Teque
645 3735 683 3791 H.
701 3731 820 3788 laudarit
836 3747 882 3784 r.·
919 3727 962 3776 36.
980 3716 1095 3770 sinerem
1113 3711 1153 3765 Μ.
1165 3707 1199 3764 D.

127 3831 316 3898 augur...N·
343 3843 402 3881 asse
421 3828 455 3880 G.
471 3842 496 3880 r.
516 3841 553 3890 α..
580 3824 637 3890 ipse
655 3824 689 3874 D.
705 3821 745 3872 H.
762 3807 937 3874 V.M.’Porr.
1008 3807 1051 3857 ³7.
1069 3799 1132 3852 Non
1151 3797 1199 3864 Η..

82 3921 188 3974 .Neo
205 3915 245 3972 Μ.
327 3915 369 3969 38.
393 3908 557 3963 Promissum
575 3905 639 3974 (om.
659 3903 712 3971 est)
732 3905 765 3954 G.
789 3899 853 3965 lytio
874 3898 906 3950 G.
920 3911 946 3948 r.
1031 3892 1074 3940 39.
1096 3881 1201 3934 initium

128 4005 190 4058 aovi
209 3999 334 4052 carminis
351 4001 379 4050 r‘rr
399 3997 432 4052 G.
447 3996 484 4049 N.
498 3997 533 4046 It.
546 3993 599 4044 Hir.
613 3994 647 4048 D.
665 3991 719 4058 „ta
737 3989 822 4038 attere
844 3983 981 4035 eooirarcto
997 3983 1026 4028 ta
1042 3973 1127 4025 altero
1144 3967 1200 4018 dia·

127 4094 219 4145 temeto
242 4092 281 4138 ost
306 4080 416 4151 elepiu“
436 4082 528 4147 Parr.;
556 4077 624 4146 qood
640 4073 822 4142 tosoperr'ore
837 4058 953 4133 marytre
968 4065 1113 4114 correctum
1130 4053 1207 4114 arat,-

129 4174 220 4226 orciso
242 4170 341 4237 popina
363 4167 450 4234 periit.
538 4167 582 4218 39.
600 4160 628 4214 in
648 4159 740 4213 urbem
756 4157 795 4208 H.
880 4152 924 4206 to.
942 4147 971 4201 iu
988 4141 1067 4199 solito
1083 4141 1118 4195 D.
1135 4129 1201 4197 Hb..

77 4273 81 4292 ·
128 4258 238 4315 insolito
255 4256 309 4324 Ν..
326 4259 354 4306 et
371 4252 451 4307 solito
468 4251 500 4306 Ρ.
519 4255 590 4304 tauta
604 4244 660 4301 Hb.
