2822 4976
403 391 615 458 PROPERTII
636 388 698 456 BL.
718 391 763 468 Π,
785 387 817 457 8.
834 389 867 458 9.
900 411 903 422 ’

190 559 266 630 Hoe
286 554 401 627 eodem
423 562 511 629 ferro
536 561 641 629 stillet
660 567 800 649 uterque
820 580 925 630 arnor.

146 662 307 746 Quamvis
328 667 397 731 ista
417 663 497 732 mihi
517 683 605 730 mors
628 670 682 732 est
704 665 880 733 inhonesta
900 667 1026 735 futura:

188 766 282 832 Mors
302 765 479 832 inhonesta
502 764 650 852 quidem,
669 771 706 832 tu
728 768 867 834 moriere
886 774 1007 836 tamen.

143 863 207 932 Ille
227 871 326 934 etiam
348 871 487 955 abrepta
508 867 664 934 desertus
687 871 827 958 coniuge
848 869 996 938 Achilles

96 986 128 1031 oo
190 969 338 1040 Cessare
359 975 394 1038 in
415 973 514 1039 tectis
537 972 671 1060 pertulit
690 991 783 1040 arma
807 991 881 1040 sua.

142 1073 283 1142 Viderat
301 1077 358 1142 ille
382 1079 483 1167 fugas
492 1119 505 1156 ,
527 1083 655 1144 tractos
677 1079 711 1143 in
733 1079 830 1145 litore
850 1077 1012 1165 Achivos,

129 1177 133 1182 “
185 1175 333 1243 Fervere
355 1184 391 1245 et
410 1181 578 1246 Hectorea
599 1179 726 1246 Dorica
748 1185 861 1247 eastra
880 1182 967 1264 foce,

140 1274 283 1344 Viderat
303 1279 470 1346 informem
492 1280 593 1347 multa
614 1280 787 1348 Patroclon
810 1297 913 1346 arena
1003 1343 1228 1374 -—--.....„.,

161 1399 163 1402 ’
185 1380 374 1449 Porrectum
397 1389 431 1449 et
453 1401 594 1470 sparsas
616 1381 722 1472 caede
743 1385 855 1449 iacere
876 1399 999 1469 comas,

96 1497 125 1542 ³⁵
146 1481 263 1551 Omnia
285 1487 462 1553 formosam
484 1493 618 1573 propter
637 1486 795 1553 Briseida
816 1505 955 1571 passus:

188 1587 315 1653 Tantus
336 1589 371 1653 in
393 1594 506 1673 erepto
529 1589 640 1654 saevit
663 1605 773 1656 amore
796 1586 896 1655 dolor.

142 1689 191 1756 At
211 1696 384 1776 postquam
407 1707 486 1756 sera
509 1691 644 1776 captiva
665 1696 719 1756 est
739 1688 869 1755 reddita
890 1691 1007 1773 poena,

184 1790 316 1856 Fortem
335 1791 423 1857 illum
440 1791 633 1857 Haemoniis
655 1790 805 1856 Hectora
825 1791 929 1855 traxit
952 1790 1056 1875 equis.

142 1891 280 1961 inferior
300 1895 399 1962 multo
421 1913 493 1962 cum
515 1897 577 1961 sim
598 1894 656 1960 vel
674 1893 854 1959 matre'vel
875 1893 989 1976 annio,

97 2008 125 2053 ιο
184 1995 320 2081 Mirum,
342 1996 374 2061 si
395 1994 438 2062 de
458 2013 511 2062 me
532 1997 604 2062 iure
622 1993 798 2080 triumphat
818 1989 945 2060 Amor‘t

601 2170 663 2244 IX.

140 2283 228 2372 Iste
251 2301 335 2390 quod
358 2309 430 2385 est,
451 2319 517 2391 ego
541 2321 646 2390 saepe
666 2303 730 2370 fui:
754 2301 816 2368 sed
837 2303 907 2369 sors
929 2308 965 2368 et
983 2304 1017 2370 in
1038 2303 1118 2373 horo

185 2404 260 2469 Hoo
281 2402 354 2488 ipso
376 2405 482 2468 eiecto
504 2405 611 2468 oorior
634 2404 718 2469 alter
740 2406 813 2469 erit.

142 2504 310 2589 Penelope
331 2511 459 2592 poterat
480 2505 532 2570 bis
554 2503 658 2570 denos
680 2505 778 2570 salva
798 2523 859 2591 per
879 2522 985 2575 annos

182 2609 325 2690 Vivere,
347 2616 415 2674 tam
436 2609 547 2674 multis
568 2609 691 2676 femina
714 2608 817 2697 digna
836 2612 963 2695 procis:

108 2710 336 2799 sconiugium
356 2712 445 2777 falsa
466 2718 597 2797 poterat
618 2712 752 2779 differre
772 2713 937 2797 Minerva,

182 2817 350 2882 Nocturna
372 2815 508 2882 solvens
532 2823 626 2882 texta
647 2816 764 2883 diurna
785 2815 875 2882 dolo:

49 2903 51 2915 '
140 2918 264 2984 Visura
285 2924 321 2984 et
341 2920 493 3003 quamvis
513 2936 687 3004 numquam
709 2924 861 3005 speraret
881 2917 1014 2997 Ulixen.

182 3021 276 3088 illum
298 3021 505 3113 expectando
526 3024 617 3089 tauta
637 3024 799 3088 remansit
818 3040 912 3108 anus.

138 3127 213 3192 Neo
233 3144 297 3190 non
318 3129 500 3190 exanimem
519 3127 722 3211 amplectens
742 3127 874 3191 Briseis
893 3121 1055 3190 Achillem

98 3244 126 3287 ro
187 3227 339 3293 Candida
359 3247 490 3294 vesana
509 3229 666 3295 verberat
688 3247 747 3294 ora
767 3247 876 3309 manu,

141 3325 190 3396 Et
210 3327 373 3394 dominum
394 3328 477 3394 lavit
497 3347 651 3394 maerens
674 3331 808 3414 captiva
830 3331 1008 3411 cruentum,

182 3431 380 3518 Appositum
400 3434 509 3498 fluviis
531 3435 566 3499 in
587 3432 759 3502 Simoenta
778 3429 890 3513 vadis,

166 3617 211 3669 26.
229 3609 300 3666 ferro
320 3612 413 3666 eodem
432 3617 468 3670 N.
553 3618 596 3668 29.
616 3613 797 3679 coningere„
825 3609 919 3674 ooioge
939 3608 973 3661 G.
1060 3611 1103 3661 ³⁰.
1126 3607 1170 3661 in-

95 3696 175 3750 tectis
192 3699 228 3750 R.
302 3704 345 3754 ³1.
363 3697 427 3763 iuga
446 3699 479 3754 G.
497 3701 533 3755 R.
550 3715 592 3766 u.‚
618 3697 699 3763 fugas
712 3698 746 3750 D.
770 3698 810 3762 V„
833 3694 953 3758 Phrygas
970 3696 1008 3744 11.
1027 3690 1117 3743 littora
1136 3693 1169 3750 Ρ.

95 3787 138 3835 ³2.
157 3781 250 3838 Ferre.
307 3785 351 3835 3⁵.
369 3781 485 3835 formosa
501 3785 532 3839 G.
550 3785 578 3834 io
594 3782 645 3846 fine
662 3784 723 3846 odd.
742 3781 871 3848 Achilles,
886 3779 954 3846 qood
971 3785 1057 3828 tomen
1074 3778 1169 3830 iterum

96 3869 235 3934 expansa.
304 3873 348 3921 36.
365 3865 468 3934 crepito
484 3885 528 3935 pr.
536 3885 571 3924 ru.
581 3867 634 3922 ΙΙΙ).
654 3884 731 3920 soora
749 3870 790 3935 V„
808 3869 865 3918 seni
883 3881 926 3932 pr.
938 3881 973 3916 m.
984 3861 1039 3916 no.
1057 3864 1170 3916 rectoita

95 3965 139 4018 pr.
158 3965 193 4002 m.
210 3949 266 4006 Hb.
331 3955 374 4006 39.
393 3957 478 4004 marte
497 3954 530 4007 G.
548 3957 585 4011 N.
603 3954 650 4022 Δ.,
669 3953 699 4006 in
716 3958 774 4005 arta
789 3955 840 4019 11.,
859 3960 944 4002 matre
961 3951 1038 4004 Pera.
1056 3956 1170 4018 „marta

95 4036 136 4086 vet
152 4032 263 4088 matre“
279 4037 312 4089 P.

165 4121 220 4189 lx,
240 4129 265 4174 1.
290 4121 347 4176 fors
364 4122 403 4191 et]
422 4123 497 4176 forae
516 4125 550 4181 G.
573 4120 601 4173 in
622 4136 670 4174 ora
686 4122 720 4176 1).
795 4125 821 4175 2.
841 4119 926 4171 electo
944 4119 980 4171 N.
998 4115 1052 4172 1112.
1068 4118 1102 4169 D.
1120 4121 1171 4182 11.,

97 4211 188 4272 erepto
209 4208 242 4260 G.
258 4223 284 4260 r.
349 4213 377 4265 3.
393 4210 530 4277 Penolopa
548 4210 583 4260 n.
604 4207 723 4260 bissenos
742 4207 775 4260 G.
836 4209 863 4257 6.
885 4208 954 4256 tecta
971 4219 995 4259 r.
1051 4207 1077 4256 7.
1094 4202 1166 4264 ulys-

97 4307 153 4343 sem
170 4293 206 4344 R.
275 4297 301 4349 8.
321 4310 416 4351 onnus.
483 4303 524 4354 11.
542 4294 709 4370 moriensi).
781 4297 823 4346 12.
841 4291 1012 4360 Propositum
1030 4293 1065 4344 Ν.
1080 4289 1169 4354 Pera,

98 4378 256 4444 Oppositum
277 4384 314 4431 Η.
338 4379 367 4433 in
384 4379 472 4433 fluviis
489 4387 525 4436 H.
603 4437 605 4441 f
775 4365 781 4372 ⁸
