2762 4972
238 349 289 429 ’76
548 323 742 424 Quaestionum
763 363 845 420 Liber
865 362 1007 419 secundus.

128 598 129 602 ,
226 541 409 605 ⁴insertione
446 537 565 602 laudern
603 545 766 612 mereatur,
808 544 906 600 tannen
943 532 1082 616 quoniam
1118 532 1309 614 provehendo

238 629 338 710 potius
360 627 498 688 carminis
520 627 696 707 progressui
720 631 909 703 comparata,
936 640 1023 704 quarn
1046 622 1218 698 argumenti
1243 639 1310 701 pars

241 721 302 788 est,
330 713 360 772 in
390 711 556 774 elocutione
582 708 762 782 commodius
791 708 931 770 dicemus
980 708 1036 770 llic
1064 715 1190 768 eatenus
1220 706 1309 768 solum

239 796 419 862 illustranda
445 808 504 873 est,
531 807 675 878 quatenus
697 803 788 858 toturn
809 811 926 856 carmen
949 793 993 855 ita
1015 801 1161 874 ocorrpat,
1191 800 1222 853 ut
1242 811 1310 856 rora
1366 827 1367 832 κ

241 883 446 963 allegoria
472 892 627 964 appareat.
655 881 770 958 Quo
761 900 791 942 ιιι
819 897 930 958 genere
957 879 1031 942 daras
1054 897 1105 941 res
1133 887 1244 958 poetae
1265 896 1310 940 se·

240 969 311 1032 dulo
339 967 487 1032 canendas
515 969 688 1050 Propertius
717 966 846 1030 feliciter
874 967 1007 1040 evitavit,
1035 965 1164 1046 primurn
1195 983 1232 1026 ne
1259 963 1308 1026 de-

239 1057 401 1136 scriptione
424 1057 468 1118 rei
490 1057 521 1116 in
541 1053 790 1135 comparationem
811 1042 962 1115 adhibitae
983 1053 1127 1130 abreptus
1150 1050 1197 1113 sui
1218 1050 1307 1130 ipsios

239 1143 283 1205 ita
311 1141 552 1214 obliuisceretur,
580 1151 613 1202 ut
639 1141 738 1202 aliena
764 1139 843 1219 aptis
871 1139 995 1199 miscens
1022 1136 1246 1198 similitudinem
1273 1154 1308 1199 ex

239 1235 326 1308 parte
347 1227 481 1301 tolleret,
504 1225 610 1288 deinde
632 1245 669 1288 ne
689 1243 767 1286 nora
786 1225 954 1286 intentione
978 1241 1061 1286 raras
1083 1241 1134 1284 res
1158 1223 1202 1284 ito
1224 1239 1307 1284 occu-

237 1313 331 1389 leret,
353 1321 385 1375 nt
404 1313 470 1375 uelo
490 1331 636 1392 nrrnquam
656 1321 767 1374 retecto
789 1311 886 1372 oratio
906 1309 1064 1387 aenigmati
1086 1309 1194 1370 sirnilis
1215 1308 1305 1370 fieret.

237 1399 289 1461 Sic
318 1399 393 1460 enim
420 1397 507 1478 plane
534 1399 712 1461 eontrarium
740 1399 820 1470 eius,
846 1394 925 1476 quod
953 1395 1043 1469 uelit,
1067 1405 1162 1475 poeta
1191 1393 1305 1468 efficiat,

236 1502 334 1564 neque
361 1481 590 1556 addatlnmen
605 1484 771 1557 sententiis,
801 1480 852 1543 sed
877 1481 991 1556 demat,
1018 1481 1099 1562 qnod
1130 1490 1161 1544 et
1183 1482 1304 1544 Horatio

237 1580 268 1633 et
290 1570 418 1648 Virgilio
442 1571 471 1630 io
501 1570 645 1632 bucolicis
672 1587 731 1630 non
759 1567 849 1630 semel
879 1569 1019 1630 evenisse
1038 1575 1167 1631 constat.
1211 1567 1305 1629 Aliter

236 1655 268 1718 in
291 1665 409 1729 nostro,
435 1656 516 1716 ouius
538 1657 585 1718 El.
606 1655 706 1736 1V,o.
730 1664 793 1717 tota
814 1651 852 1714 ad
874 1654 950 1716 hunc
971 1655 1067 1716 locunt
1088 1653 1230 1734 pertinet.
1271 1652 1301 1714 In

236 1738 293 1803 hac
320 1743 396 1804 enim
422 1750 527 1820 operta
554 1741 699 1803 simulatis
727 1742 769 1803 ita
796 1749 960 1818 temperata
987 1757 1053 1801 esse
1082 1740 1121 1802 ad
1151 1741 1301 1818 interpret.

235 1828 331 1907 Prop.
350 1828 552 1889 Germanicam
574 1826 742 1900 docuimus,
770 1834 802 1888 ut
827 1825 942 1924 species
966 1843 1003 1888 en
1022 1826 1193 1901 arcessitis,
1214 1825 1318 1895 intel·

234 1911 329 1976 lectus
351 1931 388 1974 ox
408 1913 539 1992 propriis
557 1915 667 1976 ueniat.
708 1911 849 1976 Eodem
841 1931 872 1972 ιιι
891 1929 1004 1989 genere
1024 1911 1072 1974 El.
1090 1912 1145 1987 111,
1162 1916 1191 1973 l.
1210 1929 1302 1992 paene
1366 1937 1367 1940 ¹

234 2007 298 2073 tota
319 2008 373 2060 est.
416 1998 478 2061 Neo
504 2008 601 2060 tamen
621 1999 793 2079 Propertius
817 2007 869 2060 aut
896 1999 943 2059 hic
966 2006 1018 2058 aut
1045 1998 1158 2060 alibi
1149 2017 1180 2058 ιιι
1204 1997 1303 2059 eadem

233 2074 430 2148 translatione
450 2083 487 2144 ad
507 2084 592 2146 finem
612 2102 705 2164 usque
726 2086 845 2160 haeret,
868 2083 938 2157 sed,
960 2081 1038 2164 qrrod
1059 2093 1106 2146 est
1127 2083 1223 2146 vinnm
1245 2084 1303 2144 eins

235 2179 266 2234 et
287 2162 425 2232 mobile'
418 2171 577 2257 ingenium,
599 2172 637 2233 ab
659 2171 720 2232 alio
742 2169 830 2232 simili
853 2169 890 2230 ad
912 2168 993 2230 aliud
1014 2171 1205 2232 transcurrit.
1247 2169 1303 2231 lta·

220 2268 293 2336 ‚qne
316 2259 373 2330 (rr.
394 2260 510 2332 1-4.)
535 2255 777 2320 sacerdotem
797 2273 829 2316 se
851 2255 937 2334 fingit
957 2273 1019 2316 rem
1040 2255 1173 2318 diuinam
1194 2256 1302 2318 iacien-

221 2352 309 2424 Διιιιι,
340 2341 446 2404 deinde
466 2343 528 2416 (rr.
549 2345 578 2406 5.
601 2346 647 2420 6.)
676 2359 763 2404 sacro
792 2341 874 2403 fonte
904 2341 1153 2416 hibentem3
1144 2361 1203 2404 rarn
1232 2358 1299 2406 reru
1366 2373 1367 2376 π

236 2429 276 2503 (ι.
299 2430 344 2505 8.)
368 2428 515 2490 artilex
541 2429 925 2500 toreuticamexeree13
954 2428 1022 2491 hinc
1050 2427 1298 2509 triumphanti

235 2513 339 2576 similis
359 2513 613 2591 (rr.ll-lt.);
640 2532 708 2576 mox
722 2523 832 2576 motata
853 2512 982 2592 imagine
1005 2513 1133 2575 uictor
1156 2513 1298 2576 curulis

164 2632 166 2636 v
197 2644 200 2653 «
233 2600 465 2662 certaminis.
509 2601 592 2678 Quae
615 2601 713 2662 omnia
740 2618 803 2662 cnm
825 2600 856 2661 in
879 2600 1037 2660 carminum
1065 2617 1187 2662 suorum
1208 2602 1298 2661 hono·

230 2703 295 2748 rem
317 2687 549 2763 excogitaverit,
576 2687 651 2748 haec
673 2687 740 2766 ipsa
764 2704 842 2748 nora
864 2685 1059 2748 translatione
1083 2687 1125 2758 (r.
1149 2691 1215 2763 19.)
1238 2703 1298 2746 cunr

232 2771 353 2833 sertis
383 2772 564 2834 mollibus
593 2781 754 2853 comparat.
798 2774 903 2835 Meros
927 2772 1020 2850 igitur
1042 2770 1125 2832 uides
1151 2773 1298 2852 metapho-

124 2893 126 2898 ·
228 2876 291 2932 ras,
310 2857 416 2936 quibus
436 2859 663 2938 elegantissimis
677 2859 863 2940 Propertium
886 2858 928 2919 uti
950 2857 1084 2938 exempla
1104 2858 1186 2920 intra
1207 2858 1297 2920 allata

230 2943 326 3024 magis
351 2946 438 3004 etiam
460 2945 663 3007 declarabunt.
1366 2955 1367 2962 ’

330 3030 376 3091 Ab
398 3031 455 3091 hae
480 3032 597 3094 ratione
627 3031 718 3110 longe
742 3027 861 3091 diversa
882 3027 979 3090 altera
1003 3036 1063 3102 est,
1092 3047 1178 3126 quom
1205 3026 1297 3090 nostri

229 3113 411 3217 potissimum
441 3115 677 3194 allegoriam
705 3114 893 3194 intelligunt,
924 3123 1042 3176 ueteres
1071 3118 1294 3197 πρό-ςωπο

228 3193 380 3272 notice
402 3203 529 3280 speeiem
551 3221 616 3264 esse
638 3201 810 3275 noluerunt,
838 3218 902 3262 cnm
924 3201 1129 3276 generalis
1152 3199 1295 3281 quaedam

227 3286 352 3358 notio,
371 3304 447 3366 quae
469 3306 488 3348 a
506 3306 642 3350 sensuum
664 3287 774 3349 iudicio
796 3295 910 3348 remota
931 3286 997 3346 sola
1019 3287 1200 3375 cogitatione
1218 3303 1294 3348 corn-

227 3371 372 3452 prehendi
392 3381 504 3452 potest,
526 3373 667 3453 figuram,
699 3374 803 3447 ritant,
831 3372 1011 3436 intellectam
1034 3385 1121 3452 atque
1143 3373 1221 3434 adeo
1242 3371 1293 3433 hn-

228 3475 345 3518 manarn
376 3475 533 3538 personam
559 3459 683 3524 induere
715 3461 844 3536 cogitur.
893 3459 957 3520 Hoc
984 3458 1077 3535 igitur
1109 3458 1293 3538 ingeniorum

224 3543 377 3618 senilium,
403 3545 450 3606 rol
479 3563 602 3625 qnorum
630 3562 706 3609 rena
734 3545 855 3606 felicior
882 3545 1059 3618 cessaverit,
1087 3543 1234 3607 inuentum
1263 3547 1294 3602 nt

227 3647 354 3706 sagaces
382 3629 499 3730 pulchri
526 3633 731 3694 aestimatores
761 3629 868 3692 ceteris
897 3632 1011 3692 artibus
1039 3630 1144 3692 merito
1173 3627 1293 3711 expule-

226 3724 305 3790 runt,
326 3717 369 3781 ita
391 3735 428 3778 ne
449 3717 479 3778 in
500 3719 585 3797 poesi
607 3717 723 3798 quidem
744 3733 838 3796 aeque
860 3715 934 3778 icrri
955 3715 1104 3798 latendum
1125 3726 1179 3779 est.
1223 3713 1292 3792 Quis

226 3802 319 3875 eninr,
347 3819 410 3862 cum
436 3802 564 3865 Nasonis
587 3803 748 3876 inuidiam,
773 3802 867 3864 fatale
896 3794 1070 3877 monstrum,
1100 3803 1147 3865 uel
1173 3797 1293 3879 Virgilii

225 3885 362 3960 Famam,
385 3890 516 3967 quamvis
537 3899 651 3952 centum
672 3849 773 3950 orihhs
794 3887 962 3968 loquentem
985 3896 1014 3950 et
1033 3887 1296 3967 pulcherrimarum

226 3970 459 4053 appellationum
481 3976 569 4038 turha
592 3977 728 4056 stipatam
751 3973 849 4048 audit,
873 3973 955 4034 alind
977 3991 1064 4054 quarn
1084 3974 1225 4054 frigidam
1246 3987 1294 4031 so·

225 4059 343 4122 lentiam
364 4057 542 4135 admiretur,
569 4070 620 4124 aut
642 4062 679 4122 ab
700 4061 829 4124 lloronle
850 4059 989 4122 Prodioio
1012 4077 1117 4124 seuero
1138 4071 1294 4152 puerorum
1366 4059 1367 4066 ’

205 4143 464 4224 ,terriculamenta
498 4148 590 4209 risum
619 4146 793 4209 contineat?
844 4147 920 4210 Nam
950 4147 1129 4209 comicorum
1158 4153 1188 4208 et
1212 4137 1295 4206 Demi

202 4230 436 4312 .Aristop,hanei
463 4233 542 4295 ratio
573 4231 730 4294 admodum
760 4230 879 4296 diuersa
908 4241 961 4295 est.
1012 4233 1117 4314 Neque
1147 4231 1239 4311 igitur
1265 4227 1294 4288 in

224 4315 383 4399 Propertio
411 4319 469 4382 nisi
496 4335 594 4401 panca
622 4321 686 4382 eins
711 4337 782 4380 usus
805 4319 918 4382 semina
941 4319 1090 4398 inuenies,
1119 4335 1197 4401 qnae
1222 4315 1297 4378 inter
