2806 4974
463 309 553 382 Caput
571 311 618 396 Vl.
651 312 694 366 Da
711 309 871 366 elocutione.
1131 289 1206 384 183

112 491 205 554 onius
223 488 348 570 ι’.ιιιιιίι
365 494 433 552 sunt
446 491 504 564 om
525 488 686 569 pandores
705 487 804 568 etiam,
823 505 948 572 quorum
961 484 1055 572 pedes
1070 485 1201 571 iniquior

112 586 190 641 sunt
212 577 368 658 dispositi,
390 576 447 638 buc
470 577 577 637 modo:

257 681 970 756 --Ι-υυΙ-ΗυυΙ-υυΙ-υυΙ-υ

111 791 231 853 Horum
253 789 330 851 enim
357 789 428 872 item
454 797 544 870 atque
573 788 604 850 in
626 788 701 850 solis
721 787 846 868 dactylis
871 796 940 852 sunt
966 791 1018 853 33.
1063 784 1199 874 Omnium

113 885 218 940 antem
240 875 406 954 rarissimi,
428 876 479 958 qui
500 875 539 938 ad
561 876 617 938 boc
638 877 758 938 schema
777 875 851 939 iacti
871 884 955 938 sunt:
1227 872 1230 879 “

256 989 965 1068 -ε-ι--ι-ιυυι-υυι-υυι-«ι

109 1116 180 1163 narn
202 1119 353 1164 nnmerum
376 1102 417 1164 25
438 1118 498 1163 uon
520 1107 673 1182 superant.

220 1187 318 1252 Multo
337 1197 442 1249 eontra
462 1187 575 1268 plures,
597 1189 648 1268 qui
670 1187 773 1267 quinta
793 1185 860 1249 solo
879 1182 952 1250 sede
974 1190 1099 1266 excepta
1119 1182 1195 1247 solis

115 1271 261 1354 spondeis
290 1273 445 1355 compositi
475 1283 551 1336 stunt.
602 1274 680 1336 Sunt
709 1275 785 1336 enim
813 1276 874 1336 117
900 1289 1032 1335 numero.
1084 1271 1194 1350 Quam-¹

115 1377 206 1440 quam
231 1360 363 1443 epicis
399 1361 581 1438 argumentis
611 1362 707 1422 minus
742 1358 956 1422 accommodati
988 1356 1047 1422 uisi
1081 1358 1194 1421 tuerint

113 1439 293 1526 Propertio,
324 1446 470 1525 siqnidem
503 1449 580 1522 175,
608 1449 715 1526 quibus
743 1446 799 1509 illa
829 1446 961 1510 carmina
991 1443 1194 1521 coniciuntur,

112 1533 294 1595 hexametris
323 1542 386 1595 ter
413 1531 501 1594 modo
524 1551 561 1594 ea
581 1531 678 1612 figura
706 1549 777 1597 usus
804 1541 858 1598 cst.
902 1529 991 1612 Quod
1011 1531 1107 1613 magis
1128 1531 1193 1594 lot·-

112 1626 194 1682 tasse
218 1620 307 1684 etiam
328 1620 359 1680 in
380 1620 437 1681 boc
460 1621 578 1682 schemo
599 1618 697 1683 cadit.

254 1735 525 1806 ·--—u--r
537 1733 944 1806 ιιυυι--ι-υυι-υ

113 1841 195 1924 quod
223 1859 289 1904 oum
319 1841 355 1904 in'
378 1841 545 1904 uniuersum
574 1843 760 1922 sexagies
792 1844 929 1907 nouies
961 1839 1131 1916 admiserit,
1156 1839 1190 1905 im

109 1931 173 1992 illis
201 1929 381 1991 carminibus
409 1928 477 2010 plus
507 1947 595 2008 quam
626 1929 746 1992 semel
775 1946 835 1991 nou
862 1929 1019 1994 inuenitur.
1063 1926 1188 2027 Spop-

112 2015 264 2077 diacum
291 2033 363 2077 uero
391 2014 593 2078 hexametrum
625 2017 755 2078 sexies
787 2024 899 2077 tantum
930 2016 1046 2078 omnino
1074 2013 1187 2095 posuit.

107 2103 222 2164 Eorum
242 2118 350 2200 porro,
380 2101 432 2182 qui
457 2117 512 2182 prc
535 2099 782 2188 πινθημιμιρεῖ
800 2103 877 2164 alias
901 2118 1041 2164 caesuras
1067 2095 1189 2174 babent,

108 2189 201 2250 multo
225 2190 365 2249 minorem
388 2205 454 2249 esse
476 2206 645 2263 numerum,
666 2189 725 2249 iam
752 2207 843 2269 supra
866 2187 1005 2262 diximum
1036 2175 1088 2248 sed
1108 2186 1192 2250 inter

108 2279 179 2349 ιιι,
204 2276 259 2354 qui
281 2283 351 2356 post
379 2267 503 2336 alteram
525 2276 608 2336 arsin
628 2273 763 2336 incidunt
785 2284 814 2339 et
837 2274 945 2340 deinde
966 2263 1187 2358 ἓφθημιμερῆ

108 2361 296 2442 adiungunt,
312 2361 386 2424 haec
407 2362 509 2442 utique
530 2360 630 2440 ligura
649 2362 858 2424 usitatissima.

245 2464 962 2545 -υυι-ι-ι-υυι-ιι-ιί-υυι-«υ

107 2599 188 2664 quae
213 2580 355 2645 tricies
378 2580 493 2644 semel
514 2581 546 2644 in
562 2583 697 2644 omnibns
714 2583 892 2644 carminibus
907 2580 1065 2645 inuenitur.
1101 2577 1186 2657 Quae

108 2669 209 2732 omnia
235 2677 294 2730 tam
315 2678 453 2730 accurate
476 2679 615 2730 excutere
644 2677 674 2732 et
695 2670 783 2750 quasi
810 2669 849 2730 nd
877 2667 1086 2748 decempedam
1111 2681 1186 2747 poe·

107 2766 158 2819 tae
193 2755 344 2833 ingenium
373 2755 496 2834 exigere
523 2756 602 2818 uelle
631 2756 657 2817 si
686 2756 734 2821 coi
769 2755 902 2840 putidum
928 2753 1066 2818 uideatur
1094 2761 1185 2832 atque

108 2842 187 2904 adeo
217 2841 349 2904 infelicis
375 2841 547 2903 sollertiae:
576 2860 633 2903 nae
662 2839 800 2922 equidem
824 2843 871 2903 illi
897 2841 1003 2905 lnbens
1027 2840 1185 2940 assentiar,

106 2927 197 2990 ruodo
221 2928 310 2990 aliter
338 2929 414 3008 certi
441 2927 512 3006 quid
534 2929 651 2989 omniuo
676 2929 713 2990 de
742 2929 800 2990 lruc
828 2928 896 2991 loco
926 2943 1014 3008 posse
1042 2923 1185 2988 constitui

50 3073 55 3080 ,
106 3015 226 3078 doceat.
270 3014 332 3076 lam
352 3031 424 3076 uero
449 3015 586 3094 quoniam
607 3014 700 3077 semel
719 3033 856 3079 uersuum
878 3025 986 3079 natura
1012 3013 1086 3075 solis
1115 3011 1182 3072 lou·

106 3119 214 3181 garum
236 3109 265 3162 et
284 3101 417 3161 brevium
439 3095 621 3178 syllabarum
643 3101 874 3163 dimensionibus
898 3111 927 3164 et
945 3098 1111 3163 interuallis
1131 3113 1183 3160 ua·

107 3189 163 3250 riis
197 3187 393 3265 intelligitur,
427 3205 486 3267 qua
522 3186 641 3249 tandem
674 3187 738 3249 alia
771 3189 889 3250 ratione
926 3203 990 3248 eam
1022 3183 1183 3267 expendas,

108 3293 197 3356 quam
217 3272 399 3335 numerando
423 3283 452 3335 et
479 3273 651 3336 metiendo?
695 3273 778 3353 Ergo
799 3275 848 3335 bic
869 3275 934 3354 ipse
956 3273 1061 3347 labor,
1088 3289 1182 3352 quan·

107 3360 212 3424 turreis
240 3359 378 3422 uideatur
407 3360 541 3434 ieiunus,
570 3358 647 3421 illud
679 3369 760 3422 certe
789 3361 991 3441 praestiterit,
1019 3357 1100 3441 qnod
1129 3357 1181 3439 qui

106 3447 292 3508 laboriosnm
316 3463 401 3508 crurre
427 3456 575 3528 tamquam
603 3446 712 3508 seruile
740 3445 821 3508 iufra
849 3464 881 3508 se
908 3447 1037 3527 positum
1064 3444 1187 3518 ducunt,¹

106 3551 265 3614 nonquam
288 3542 501 3612 assequentur,
534 3551 572 3594 ne
602 3532 707 3594 fallaci
741 3551 878 3595 sensuum
910 3532 1023 3594 iudicio
1053 3529 1183 3592 contenti

105 3618 285 3701 prol'undius
313 3619 384 3699 quid
412 3636 519 3698 sapere
546 3620 632 3680 nobis
661 3618 831 3696 uideamur,
858 3618 884 3680 si
911 3620 991 3681 bunc
1013 3618 1065 3682 'uel
1094 3618 1180 3678 illum

104 3724 221 3770 uersum
251 3707 368 3784 magis
394 3715 445 3767 aut
474 3706 592 3768 minus
613 3706 910 3787 Propertianum
938 3723 1004 3768 esse
1032 3714 1181 3786 tamquam

108 3792 144 3854 de
170 3790 290 3873 tripode
320 3791 471 3854 dictemus
523 3791 618 3868 Qurale
648 3801 692 3854 est
721 3791 908 3873 splendidum
932 3791 1069 3854 Paldami
1098 3790 1180 3852 arbi·
1246 3801 1250 3811 ·

106 3880 211 3952 trium,
241 3878 292 3958 qui
320 3879 380 3956 (De
402 3878 498 3940 Erott.
519 3878 631 3939 Romm.
658 3896 688 3958 p
710 3882 762 3942 69.
784 3888 846 3942 ιιι.
867 3881 935 3958 97.)
962 3878 1180 4004 Brouluhusinm
1281 3955 1288 3958 ὴ

106 3965 146 4029 ad
166 3964 215 4028 ΕΙ.
236 3965 284 4038 11,
304 3965 362 4038 25,
385 3968 415 4027 3.
436 3979 492 4045 pro
515 3964 638 4042 uulgato
659 3965 733 4027 boc:

245 4075 298 4126 Vim
314 4091 392 4126 uuum
404 4072 417 4141 ΙΙ
427 4081 502 4142 potes
520 4076 614 4142 infelice
625 4073 637 4142 Η
647 4076 808 4143 requiescere
824 4089 936 4128 ιιιιιιιιι
952 4099 987 4113 -

105 4181 163 4260 sio,
185 4179 318 4263 quamuis
339 4178 452 4242 frustra
473 4179 704 4244 coniectantenr:
832 4256 834 4260 ι

246 4291 299 4344 Vim
314 4295 390 4358 potos
406 4290 501 4359 iofclic
511 4290 524 4360 ΙΙ
534 4305 613 4344 mmm
630 4290 792 4359 requiescere
807 4301 919 4342 mousom
937 4311 972 4326 -
