2834 4972
267 353 320 431 48
576 365 771 424 Quaestionum
791 362 875 420 Liber
894 365 1040 422 secundus.

271 537 391 627 qnando
415 538 539 604 subacta
561 537 690 602 Graecia
710 537 828 602 litteras
856 553 926 600 suas
955 535 1041 600 simul
1070 544 1100 601 et
1126 535 1199 600 vitia
1223 534 1339 599 Roman

268 630 434 702 intulisset,
455 627 518 688 ulla
539 625 602 687 alia
623 643 673 686 ars
695 624 799 686 felices
822 625 902 705 cepit
920 623 1092 704 proiectus,
1115 624 1173 686 nisi
1196 639 1271 705 quae
1292 631 1339 685 aut

268 715 409 782 Romanis
427 712 567 775 institutis
584 711 775 790 moribusque
794 709 1016 773 accommodata
1036 718 1124 784 esset,
1145 717 1197 772 aut
1217 708 1337 770 omnium

269 801 446 884 populorum
473 798 632 860 communis
660 797 745 876 quasi
773 803 818 858 est
844 796 1007 859 hereditas.
1049 793 1154 875 ltaque
1181 794 1337 857 Romanum

268 887 420 968 ingenium
441 883 516 946 illud
542 883 720 960 dicaxcum
748 881 859 944 seueris
886 881 1005 960 legibus
1028 899 1047 941 a
1067 882 1135 943 loro
1165 889 1195 942 et
1221 880 1336 960 publico

149 963 151 988 ¹
269 981 422 1038 arceretur
444 969 498 1044 (ci.
517 969 674 1032 Dissertat.
694 967 716 1030 l.
735 966 755 1028 l.
777 985 806 1048 p.
822 970 853 1030 4.
870 985 899 1030 n.
918 966 973 1048 2.),
995 983 1099 1030 nouum
1121 967 1179 1028 sibi
1200 983 1337 1047 procrea-

268 1061 311 1124 rit
332 1067 362 1132 et
379 1056 518 1121 Romanis
539 1055 692 1137 proprium
714 1053 871 1116 satirarum
890 1071 982 1132 genus
1002 1053 1037 1133 (l.
1055 1053 1076 1117 l.
1099 1073 1128 1115 n.
1144 1049 1200 1132 3.),
1222 1052 1336 1112 urbanis

268 1145 387 1208 facetiis
416 1142 588 1222 salibusque
616 1140 822 1202 innocentibus
855 1140 1027 1202 comoediae
1054 1140 1179 1202 relictis.
1233 1136 1337 1199 Cetera

270 1241 368 1295 autern
394 1242 508 1308 genera
536 1226 603 1309 plus
631 1227 762 1289 minusue
787 1224 936 1288 iacebant.
980 1226 1183 1306 Quaecunque
1211 1224 1284 1285 enirn
1309 1229 1337 1283 et

267 1317 332 1380 illis
349 1324 378 1378 et
394 1313 615 1396 insequentibus
633 1329 702 1376 mox
719 1310 900 1390 temporibus
917 1312 1017 1393 posito
1033 1321 1100 1374 suut
1119 1311 1239 1393 poetica
1251 1307 1337 1371 relidi

269 1411 472 1475 monumenta,
500 1400 632 1480 quamuis
660 1415 731 1460 aere
758 1396 814 1458 illa
838 1398 1020 1477 perenniora
1049 1407 1079 1461 et
1106 1397 1264 1479 inquibus
1292 1397 1334 1454 in-

270 1489 360 1569 genio
390 1497 419 1551 et
444 1493 509 1548 arte
535 1484 612 1548 adeo
639 1493 685 1547 est
712 1482 910 1560 elaboratum,
940 1493 1077 1567 quantum
1103 1483 1183 1547 baud
1212 1476 1273 1543 scio
1299 1496 1334 1540 au

269 1575 353 1639 nulla
372 1574 434 1636 alia
454 1579 567 1634 aetate:
586 1579 698 1634 tantum
721 1577 818 1631 tamen
839 1568 939 1646 abest,
961 1579 992 1633 nt
1014 1571 1187 1633 concinnam
1207 1566 1287 1629 illam
1307 1573 1334 1626 et

269 1660 404 1724 omnibns
433 1657 565 1719 numeris
595 1654 760 1718 absolutam
789 1655 915 1717 formam
945 1655 1128 1737 praebeant,
1163 1652 1277 1736 qualem
1307 1651 1335 1711 in
1394 1715 1395 1720 γ

267 1745 414 1830 poematis
443 1761 482 1807 ex
506 1743 574 1824 ipsa
599 1741 703 1824 populi
731 1741 883 1803 cuiusdam
905 1743 966 1805 rita
992 1743 1160 1823 procreatis
1189 1737 1334 1802 offendere
1394 1737 1395 1744 ’

163 1895 164 1900 ,
236 1822 238 1831 ¹
268 1851 324 1897 ucs
349 1829 452 1911 paullo
479 1838 549 1892 ante
576 1827 820 1906 significavimus,
848 1837 880 1890 ut
905 1845 943 1890 ne
969 1829 1005 1888 ab
1029 1828 1203 1908 aequalibus
1226 1823 1334 1906 quidem

269 1919 390 1997 diguam
411 1913 527 1977 laudem
548 1913 686 1990 tulerint,
709 1912 763 1976 sed
785 1914 823 1975 iis
844 1913 939 1976 solum
959 1913 1080 1995 probati
1102 1917 1177 1990 siut,
1199 1912 1248 1993 qui
1269 1908 1344 1991 pori

269 2002 428 2084 disciplina
453 2017 556 2082 parem
582 1996 672 2062 animi
701 1999 960 2062 cultumassecuti
985 2008 1095 2064 essent.
1138 1996 1332 2065 Verumenin·

267 2105 357 2164 rero,
380 2105 444 2150 cum
466 2087 609 2165 gliscente
628 2087 687 2148 iam
708 2082 820 2148 morum
841 2087 1033 2167 corruptione
1054 2087 1164 2150 sensim
1186 2094 1215 2149 et
1235 2099 1334 2162 respn-

267 2176 350 2238 blica
377 2181 615 2255 perverteretur,
650 2181 680 2235 et
711 2171 890 2234 familiarum
920 2173 1038 2235 uinculo
1069 2165 1217 2248 artiora,
1236 2169 1335 2251 quibus

266 2262 340 2325 illae
362 2277 426 2322 cum
454 2259 572 2322 ciuitate
592 2257 683 2321 ueluti
711 2258 843 2319 membra
864 2259 933 2321 oum'
953 2275 1081 2340 corpore
1110 2260 1337 2323 continerentur,

267 2355 375 2429 coepta
394 2353 492 2408 esseut
509 2344 620 2407 laxari:
641 2362 709 2406 mcx
726 2343 879 2406 discordia
900 2361 1012 2406 omnem
1033 2346 1180 2427 populum
1195 2354 1335 2422 occupans

268 2432 453 2512 singulorum
480 2431 568 2493 etiam
593 2430 699 2492 ciuium
728 2429 841 2492 animos
870 2429 1086 2512 quodammodo
1113 2430 1282 2495 discindere
1309 2429 1336 2486 et

269 2519 380 2602 duplex
400 2526 507 2579 natura
528 2526 557 2579 et
580 2514 695 2578 discors
712 2516 911 2580 Romanorum
932 2527 1057 2598 pectora
1077 2518 1265 2598 tenererisa
1285 2518 1335 2584 cst,

190 2620 193 2627 ’
268 2607 366 2670 altera
386 2603 526 2682 antiquae
546 2601 729 2665 fortitudinis
749 2612 838 2666 tenax
858 2604 1062 2686 pristinaeque
1081 2605 1202 2684 gloriae
1220 2613 1335 2670 memor,

268 2691 366 2756 altera
388 2688 558 2752 delicatiori
589 2688 681 2752 cultui
703 2687 804 2752 dedita
827 2700 856 2754 et
877 2690 916 2753 ad
939 2706 1039 2752 omnes
1069 2691 1212 2752 libidines
1232 2701 1332 2770 prona.

267 2777 382 2843 Rursus
402 2784 499 2841 tamen
514 2775 573 2836 iam
595 2775 828 2851 inveniebantur,
850 2777 900 2856 qui
918 2777 1220 2857 rerumpublicarum
1238 2771 1333 2838 taedio

269 2871 408 2927 exueste
427 2861 543 2923 lorensi
562 2870 592 2925 et
612 2861 767 2924 laboribus
787 2861 905 2924 bellicis
926 2863 956 2924 in
975 2863 1174 2926 conditionem
1194 2861 1334 2945 priuatam

266 2948 410 3012 recedere
435 2948 529 3010 satius
551 2945 703 3010 ducerent.
751 2948 815 3011 lloc
842 2948 929 3010 dulce
958 2949 1065 3028 qnietis
1094 2959 1123 3012 et
1150 2950 1233 3032 pacis
1260 2942 1335 3008 desi-

266 3035 381 3098 derium
397 3031 497 3095 omnes
509 3032 642 3096 Lucretii
664 3033 791 3114 paginae
810 3033 910 3114 palam
930 3034 1152 3115 proloquuntur
1162 3035 1216 3110 (cl.
1236 3028 1334 3113 impri-

266 3122 320 3184 mis
350 3121 416 3183 init.
443 3119 514 3182 libr.
540 3117 613 3198 ll.),
645 3119 702 3181 boc
733 3121 864 3199 apertius
897 3139 917 3182 a
944 3121 1103 3201 praeclara
1133 3139 1232 3186 rernm
1263 3120 1334 3180 bene

265 3214 417 3286 gestarum
439 3204 540 3282 gloria
566 3203 603 3265 ad
630 3203 771 3267 historias
796 3205 1012 3285 componendas
1034 3207 1192 3270 abductum
1218 3223 1251 3267 se
1273 3216 1335 3264 esse

267 3291 430 3356 Sallustius
451 3289 607 3370 profitetur
625 3289 705 3368 (Gar.
723 3288 781 3367 4.).
825 3290 901 3353 Hinc
923 3290 1036 3354 demum
1057 3293 1133 3356 illud
1155 3292 1333 3370 incognitum

267 3395 400 3456 eousque
420 3376 532 3438 bomini
547 3376 681 3439 Romano
704 3376 812 3438 otium
835 3386 934 3440 natum
958 3387 1012 3454 est,
1031 3381 1078 3442 cui
1100 3382 1212 3442 animus
1230 3374 1334 3439 litteris

267 3462 390 3526 Graecis
419 3462 545 3524 imbutus
577 3480 670 3524 nouas
700 3461 811 3525 invenit
839 3465 1066 3545 occupationes,
1096 3477 1186 3545 atque
1216 3465 1242 3527 si
1272 3460 1334 3541 quis

265 3549 387 3631 poetica
410 3546 563 3630 praeditus
587 3555 651 3611 erat
676 3546 794 3624 indole,
822 3549 860 3612 ad
886 3549 918 3610 id
942 3551 1042 3631 poesis
1063 3568 1156 3632 genus
1179 3561 1335 3613 conuersus

266 3645 321 3710 est,
344 3634 425 3715 quod
445 3635 474 3695 in
494 3634 612 3715 priuata
627 3634 690 3697 uita
707 3632 829 3697 fundum
847 3633 1063 3716 quodammodo
1083 3656 1165 3699 snum
1184 3634 1335 3719 proprium

265 3720 358 3784 babet
377 3729 407 3783 et
427 3721 584 3798 originem.
628 3718 708 3797 Quid
727 3721 819 3800 igitur
838 3722 988 3797 miremur,
1009 3722 1089 3802 quod
1102 3724 1237 3804 Augusto
1255 3719 1336 3802 priu-

265 3809 349 3889 cipe,
376 3823 463 3888 pace¹
484 3823 541 3887 per
567 3806 670 3870 orbem
699 3815 786 3888 parta
817 3815 847 3870 et
873 3807 991 3889 imperii
1021 3808 1275 3872 administratione
1304 3803 1334 3864 iu

203 3917 210 3938 ι
264 3911 354 3955 uuum
369 3893 517 3956 dominum
531 3901 683 3972 uergente,
702 3892 840 3972 elegiaca
857 3895 1065 3958 carminarem
1082 3895 1162 3960 laete
1177 3896 1335 3959 florescere

264 3979 436 4061 coeperint,
456 3986 490 4041 ut
506 3977 623 4043 Graeco
645 3979 780 4061 exempla
800 3996 860 4041 nou
881 3979 977 4042 solum
998 3981 1216 4063 adaequarent,
1236 3991 1335 4042 rerum

252 4083 303 4129 -ex
322 4073 409 4148 parte
437 4065 524 4127 etiam
545 4073 731 4147 superarent.
776 4065 881 4146 Neque
906 4084 979 4129 reru
1007 4067 1040 4130 id
1069 4070 1229 4144 absonum,
1257 4057 1336 4142 quod
1394 4077 1395 4080 ¹

261 4168 390 4228 amores,
411 4150 463 4230 qui
483 4159 566 4214 tauta
579 4150 732 4214 Romanae
751 4152 830 4214 ritae
851 4170 922 4234 pars
944 4153 1017 4218 lacti
1040 4165 1141 4218 esseut
1162 4153 1216 4234 (el.
1230 4150 1297 4214 Lib.
1310 4145 1334 4207 l.
1394 4187 1395 4192 κ

259 4254 287 4302 c.
313 4235 379 4317 6.),
410 4239 605 4318 praecipuum
633 4245 743 4320 poetae
770 4237 816 4300 illi
850 4238 997 4318 elegerint
1026 4241 1188 4304 carminum
1217 4248 1335 4300 suorum
1394 4285 1395 4292 ,

257 4331 464 4406 argumentum
494 4334 585 4406 atque
613 4321 660 4387 ita
688 4323 721 4387 in
750 4323 789 4387 iis
821 4324 1011 4391 celebrandis
1042 4325 1156 4391 versati
1192 4325 1268 4398 sint,
1304 4321 1336 4378 ui
