2806 4974
239 401 313 480 166
552 423 744 481 Quaestionum
765 422 848 476 Liber
863 422 1007 477 secundas.

239 609 379 656 mensura
401 592 547 674 colligere
568 591 656 667 licet,
679 595 767 657 etiam
789 591 997 656 nominativum
1019 593 1144 675 pluralis
1167 592 1297 656 Graecum
1371 637 1372 665 ,

244 697 309 741 esse
331 679 441 753 uoluit,
471 689 503 744 ιι
524 678 687 758 autumas,
714 679 876 754 Nereides,
897 679 1005 742 Panes.
1049 680 1210 756 Quinimmo
1232 679 1299 741 dati·

137 791 138 796 ¹
242 783 308 827 uum
337 766 466 846 pluralis
496 765 651 828 eGraecu
682 783 818 828 sermone
849 768 879 827 in
911 785 966 827 sua
994 767 1126 828 carmina
1153 766 1298 840 transtulit,

204 870 215 906 ·.
245 854 378 931 quamuis
408 853 445 914 ab
476 853 682 930 ignorantibus
714 852 847 915 librariis
882 850 1041 914 identidem
1072 853 1245 927 mutilatum,
1272 860 1301 913 ut
1369 903 1372 915 .

243 937 770 1017 Adryasiu,llamadrpasin,
790 938 1008 1017 Thyniasin.
1051 937 1180 1019 Reliqua
1197 939 1301 1000 Graeca

245 1032 297 1085 aut
318 1023 475 1088 admodum
496 1033 563 1087 sunt
583 1025 712 1101 irrigata,
733 1035 765 1088 ut
781 1025 903 1104 Argus
925 1025 1020 1104 (gen.)
1043 1033 1072 1085 et
1087 1025 1190 1103 Argo
1210 1025 1303 1099 (ιιι),

245 1109 363 1184 Naxos,
385 1111 526 1182 isthmos,
548 1109 660 1189 Tyros,
683 1121 734 1174 aut
755 1112 839 1173 metri
860 1128 951 1172 causa
974 1111 1113 1190 expetita,
1135 1121 1167 1174 ιι
1185 1108 1303 1187 berpl-
1373 1169 1374 1194 ἢ

246 1195 477 1270 lon,llion‚
506 1197 730 1260 Patroclon.
781 1196 843 1258 Sed
876 1197 1303 1260 horumomniumarbitriun
1372 1235 1374 1314 p

247 1299 285 1345 ex
305 1282 374 1364 ipsa
394 1300 535 1346 sonorum
556 1289 662 1346 natura
684 1282 805 1348 diuersa
826 1282 957 1366 pendere
978 1291 1070 1363 patet.

564 1431 636 1495 Sect.
653 1433 701 1486 IV.
739 1433 781 1484 Da
799 1431 1003 1500 cornpositlone.

350 1534 479 1602 Paratus
499 1535 593 1618 igitur
613 1538 754 1601 transitus
775 1536 814 1599 ad
832 1553 898 1598 eam
920 1535 1096 1598 elocutionis
1115 1546 1238 1618 partem,
1257 1551 1309 1614 qua
1368 1484 1373 1608 h

248 1639 308 1684 uun
333 1622 421 1685 modo
450 1623 482 1685 id
513 1625 631 1703 agitur,
661 1633 693 1711 ut
722 1625 867 1701 imagines
897 1639 994 1683 rerum
1028 1623 1144 1685 ratione
1175 1621 1308 1702 sequestri
1368 1615 1372 1685 l

249 1711 347 1771 animo
370 1719 640 1790 repraesententur,
659 1707 712 1773 sed
734 1719 767 1773 ut
787 1709 861 1790 ipsis
883 1709 1017 1788 protinus
1038 1711 1175 1770 sensibus
1192 1717 1220 1770 et
1238 1706 1308 1768 auri·

249 1795 304 1856 bus
324 1796 534 1871 insinuentur.¹
561 1797 644 1858 Haec
667 1796 743 1857 enim
765 1804 810 1858 est
837 1795 1084 1874 compositio,
1112 1795 1196 1858 cuius
1217 1807 1308 1855 rursus
1370 1847 1371 1851 ,

251 1879 363 1964 duplex
391 1891 436 1945 cst
464 1882 560 1956 ratio,
589 1882 701 1957 altera,
728 1899 807 1962 quae
838 1880 957 1960 legibus
984 1883 1114 1943 metricis
1145 1881 1309 1950 continetur,

250 1967 365 2043 altera,
396 1986 475 2047 quiae
500 1985 520 2029 a
547 1968 728 2046 syllabarum
759 1967 940 2048 temporibus
974 1976 1090 2029 remota
1120 1967 1225 2030 ordine
1252 1966 1309 2044 ipsu

249 2055 408 2116 uerborum
432 2064 462 2116 ct
484 2063 622 2116 contextu
642 2055 836 2134 partibusque
855 2051 1086 2134 complexionum
1103 2071 1201 2134 aequa
1222 2049 1312 2113 distri·

197 2144 200 2152 '
250 2139 331 2202 butis
350 2156 535 2202 numerosam
555 2139 646 2202 elficit
666 2142 840 2202 orationem.
884 2140 977 2216 Quem
996 2143 1147 2202 numerum
1167 2157 1229 2202 cunr
1249 2151 1312 2217 poe-

252 2225 295 2288 sis
317 2242 495 2287 communen
522 2227 633 2288 babeat
658 2243 722 2288 cum
744 2243 880 2290 sermone
902 2225 1020 2301 soluto,
1048 2243 1084 2288 ec
1107 2226 1220 2299 differt,
1242 2219 1312 2303 quod

251 2312 328 2374 haec
348 2311 505 2374 uerborum
535 2312 660 2374 ambitus
689 2329 753 2374 crum
779 2311 979 2375 constantibus
1002 2329 1138 2374 uersuum
1162 2311 1269 2374 normis
1289 2313 1314 2368 et

252 2397 419 2460 interuallis
451 2407 534 2462 certa
566 2399 637 2477 lege
668 2398 862 2479 praescriptis
894 2398 1068 2460 consociare
1100 2389 1199 2461 dehet.
1247 2395 1313 2459 Nau

255 2501 319 2548 cum
341 2483 408 2565 ipsa
429 2484 476 2545 rei
502 2493 609 2546 ustura
630 2485 660 2546 in
683 2485 849 2548 uniuersum
874 2485 931 2547 huc
957 2484 1092 2566 praecipi
1116 2484 1269 2558 uideatur,
1286 2486 1315 2542 ιι
1371 2513 1372 2518 1

253 2587 391 2634 uersuum
413 2570 595 2649 singulorum
616 2571 721 2632 finibus
745 2572 891 2634 orationis
914 2588 1032 2651 quoque
1060 2579 1150 2652 atque
1177 2570 1316 2632 adcucu-

254 2656 409 2736 gitationis
440 2665 541 2738 partes
570 2656 707 2736 singulae
735 2657 938 2720 includantur:
966 2665 1074 2737 quanto
1102 2656 1135 2717 id
1169 2655 1263 2734 magis
1289 2651 1314 2714 iu

255 2741 412 2806 distichum
443 2743 608 2822 elegiacum
637 2744 752 2816 ualeat,
788 2742 868 2824 quod
904 2744 990 2822 quasi
1023 2741 1316 2824 quoddamfmelicae

255 2829 396 2910 strophae
428 2845 522 2908 genus
550 2847 642 2910 supra
671 2828 867 2905 delinivimus,
898 2846 984 2890 nemo
1013 2845 1083 2890 nun.
1102 2828 1195 2892 uidet.
1245 2827 1317 2889 llaec

255 2922 353 2977 autem
376 2915 461 2977 metri
489 2917 669 2991 necessitas,
697 2934 784 2996 quom
811 2915 915 2976 durum
939 2923 1087 2977 certamen
1114 2913 1244 2976 orationi
1264 2911 1318 2974 lio·

255 3018 362 3064 manac
386 3018 442 3082 per
466 3018 591 3081 magnos
615 3001 774 3067 uerborum
796 3002 935 3064 circuitus
962 3000 1117 3080 multiplici
1145 2999 1319 3062 coniunctio·

256 3105 340 3162 uum,
367 3086 609 3170 participiorum,
636 3089 842 3170 pronominum
871 3085 997 3167 denique
1024 3086 1217 3149 relativorum
1242 3099 1319 3156 nexu,

257 3173 344 3254 quasi
372 3172 520 3252 quadrata
549 3173 677 3253 agmine
693 3176 827 3252 grauiter
854 3171 1003 3235 incedenti
1031 3173 1117 3236 initia
1145 3169 1319 3254 praebuerit,

258 3257 353 3320 donec
377 3257 499 3321 Graecis
529 3258 650 3337 legibus
676 3261 755 3322 uicta
782 3267 985 3334 assruesceret,
1013 3276 1072 3320 non
1103 3258 1192 3321 modu
1218 3256 1319 3320 Ennius

257 3342 466 3421 autLucilins,
487 3343 540 3407 sed
554 3345 687 3408 Catullus
710 3346 797 3407 etiam
811 3343 907 3419 docet,
927 3344 965 3407 ci.
981 3343 1053 3426 Gap.
1066 3345 1120 3409 111.
1136 3345 1202 3408 init.
1245 3343 1320 3418 Quae

258 3429 374 3492 ruditas
401 3429 433 3491 in
461 3429 568 3510 elegiis
598 3443 679 3494 certe
707 3440 788 3493 tanto
820 3439 865 3496 est
894 3432 1058 3510 ingratior,
1092 3440 1202 3511 quantu
1230 3425 1320 3490 solida

142 3580 145 3584 .
258 3516 315 3578 illa
334 3515 492 3580 uerborum
514 3525 663 3580 structura
682 3518 750 3579 loro
774 3526 803 3580 et
829 3517 975 3579 actionum
1006 3517 1146 3580 tristitiae
1176 3534 1260 3598 quam
1281 3513 1321 3574 bis

260 3602 414 3664 amatoriis
435 3601 549 3664 lusibus
571 3611 616 3666 est
637 3604 745 3684 aptior.
778 3604 892 3683 ‘ltaque
915 3604 1038 3683 egregie
1059 3602 1197 3664 Tibullus
1219 3603 1321 3682 primus

260 3689 411 3752 Romanae
443 3689 589 3750 orationis
620 3688 758 3770 impetum
788 3690 920 3751 cohibuit
950 3698 979 3752 ct
1006 3689 1163 3752 uerborum
1192 3687 1322 3750 circuitus

260 3775 379 3837 breuius
404 3773 577 3850 adstrictos,
601 3793 673 3837 raro
700 3785 785 3838 extra
814 3775 998 3854 singulorum
1024 3773 1215 3837 distichorum
1240 3785 1322 3852 gyros

165 3899 171 3904 -
263 3861 410 3941 expatiari
446 3879 551 3944 passus
576 3870 638 3938 est,
669 3862 708 3924 cl.
733 3861 852 3924 Dissen.
876 3861 977 3925 Praei.
1003 3861 1115 3924 Tibull.
1143 3881 1172 3943 p.
1199 3853 1323 3922 CXXIV·

261 3946 367 4027 Neque
394 3947 470 4009 enim
500 3947 616 4011 tenuius
641 3948 705 4009 eius
734 3947 851 4010 dicendi
877 3965 971 4028 genus
998 3956 1028 4010 et
1055 3958 1139 4011 tersa
1159 3945 1324 4027 simplicitas

262 4034 368 4096 melius
397 4034 492 4112 elegis
520 4032 736 4095 accommodari
765 4035 870 4114 potuit.
920 4031 1042 4098 Ouidius
1069 4043 1179 4110 autem,
1207 4038 1239 4094 ιι
1267 4031 1325 4091 erat

262 4121 434 4183 inconstans
459 4128 488 4182 et
506 4118 581 4200 leue
608 4121 671 4182 eius
693 4120 859 4198 ingenium,
882 4120 977 4182 caesis
999 4120 1159 4182 minutatim
1181 4113 1326 4179 sententiis

263 4220 355 4288 saepe
386 4206 417 4268 iu
449 4206 630 4268 contrarium
661 4205 768 4288 priscis
803 4206 980 4286 amhagibus
1009 4206 1109 4268 uitium
1140 4205 1242 4284 lapsus
1274 4203 1323 4262 est.

263 4293 376 4357 Guntta
403 4291 578 4373 Propertius
613 4301 647 4355 ut
663 4310 773 4373 neque
804 4293 955 4372 antiquam
985 4289 1130 4355 orationis
1159 4289 1326 4370 grauitatem

264 4378 431 4455 desereret,
453 4395 507 4441 nec
529 4377 634 4442 ualles
653 4385 751 4442 nmen
775 4379 951 4460 pentametri
972 4376 1069 4460 pelas
1086 4376 1255 4442 tumoribus
1271 4372 1329 4436 uin·
