2806 4974
216 334 290 416 196
439 311 443 316 Α
534 348 726 412 Quaestionum
744 347 827 404 Liber
842 344 984 403 secundus.

220 525 372 604 mundari,
393 525 500 607 quihus
522 539 652 588 amorem
677 539 761 586 suum
786 518 975 594 consoletur,
1001 517 1056 582 sed
1081 518 1202 585 mollem
1221 536 1286 584 uera

220 632 300 689 sum,
315 609 413 694 ‘quali
441 609 639 676 Callimachus
666 617 697 674 et
723 608 802 671 alias
832 616 861 671 et
888 607 921 669 in
948 597 1070 680 αἰτίοις
1101 626 1171 670 usus
1201 616 1287 670 osset.

220 700 364 768 Versibus
397 706 573 778 argumenta
600 695 680 758 ultro
713 711 845 758 cessura.
896 691 953 755 Cui
986 691 1225 773 interpretationi
1253 708 1288 754 ue

222 787 289 868 quis
325 786 503 848 somniorum
533 780 709 846 Callimachi
742 781 888 842 rationem
920 779 1015 858 ipsam
1049 780 1171 843 obstare
1202 779 1289 854 dicat,
1389 803 1390 836 r

217 873 332 954 quihus·
358 888 464 934 causas
488 874 517 932 et
543 868 675 946 origines
696 866 846 940 locorum,
874 864 1088 940 institutorum,
1113 865 1289 938 fabularum,

222 957 346 1020 deorum
373 959 550 1020 ethereum
577 953 719 1016 historias
747 950 886 1015 aMusis
906 950 938 1011 in
958 950 1103 1013 llelicune
1132 951 1290 1014 somnianti

221 1045 281 1106 sibi
300 1052 438 1106 narratas
450 1058 528 1104 esse
549 1037 675 1103 finxerat
696 1035 750 1119 (oi.
771 1055 815 1120 ep.
838 1037 924 1098 Anth.
947 1035 1013 1099 Pal.
1036 1055 1128 1120 supra
1149 1038 1292 1113 citatum),

221 1129 296 1192 haec
318 1135 508 1208 argumenta,
529 1143 655 1206 quorum
674 1134 788 1206 partem
808 1122 981 1203 Propertius
1002 1120 1024 1185 l.
1047 1122 1069 1184 l.
1092 1141 1119 1187 u.
1142 1125 1291 1186 33-38.

223 1215 290 1296 ipse
323 1222 475 1290 recenset,
510 1212 657 1293 quomodo
688 1210 826 1272 mollibus
856 1208 950 1286 elegis
985 1209 1206 1272 accommodari
1239 1226 1292 1290 po·

222 1300 350 1377 suerin,
379 1308 409 1363 et
430 1299 580 1379 Tarpeiae
603 1296 736 1377 exemplo
764 1295 870 1376 (Prop.
888 1293 936 1356 El.
953 1293 1004 1369 IV,
1023 1294 1071 1373 4.)
1094 1304 1238 1378 apparet,
1265 1303 1293 1358 et

223 1388 255 1450 in
277 1395 360 1449 tanta
380 1385 588 1448 amatoriorum
611 1381 739 1445 latorum
761 1378 956 1455 multitudine,
979 1381 1085 1460 quihus
1104 1382 1223 1444 Graeca
1242 1381 1293 1444 he-

182 1526 191 1545 ,
224 1489 310 1536 noum
340 1481 370 1534 et
399 1470 521 1533 deorum
548 1468 652 1531 fabula
683 1469 727 1531 ita
759 1467 881 1540 scatuit‚
912 1475 944 1529 ut
972 1459 1171 1529 Romanorum
1200 1466 1292 1529 doctis
1372 1527 1374 1532 .

225 1557 333 1638 elegiis
359 1574 453 1636 usqrre
478 1557 511 1618 in
537 1555 636 1619 infima
664 1553 785 1617 saecula
805 1552 1004 1631 largissimam
1029 1555 1180 1615 materiem
1207 1571 1294 1634 prae-

223 1645 326 1719 heret,
351 1659 536 1722 nequaquam
566 1641 667 1703 mirum
696 1640 785 1724 dehet
811 1636 918 1703 uideri.
966 1636 1041 1700 Nam
1070 1656 1109 1700 ne
1135 1640 1295 1703 Phanoclis

188 1799 190 1806 p
220 1718 369 1813 Ἔρωτας
391 1738 442 1792 aut
461 1727 624 1792 Alexandri
644 1727 746 1790 Aetoli
767 1723 986 1806 Apollinem
1008 1723 1104 1788 dicam
1127 1723 1181 1803 (of.
1206 1725 1294 1789 Coun.

225 1813 400 1880 Schneider.
429 1815 462 1876 in
493 1813 657 1875 solidiorum
689 1811 831 1874 Creuzeri
863 1827 931 1873 ann.
956 1809 1006 1873 lV.
1037 1828 1067 1891 p.
1095 1813 1148 1875 66.
1177 1812 1294 1875 lacohs.

225 1899 391 1962 animadvv.
420 1897 459 1962 ad
480 1901 566 1962 Anth.
594 1899 645 1963 Cr.
668 1898 705 1961 T.
723 1897 747 1960 1.
770 1896 804 1960 P.
827 1894 866 1958 ΙΙ.
894 1913 925 1976 p.
947 1897 1020 1958 243.
1051 1896 1145 1976 lleyn.
1169 1899 1295 1981 Opuscc.

225 1985 248 2048 1.
265 1985 287 2047 l.
307 2003 338 2066 p.
353 1989 405 2049 96.
426 2005 455 2047 n.
471 1985 531 2064 *))‚
554 1985 704 2047 simillima
724 1985 788 2044 sine
811 1981 902 2044 duhio
924 1980 1133 2045 Callimacheis
1156 1985 1297 2061 carmina,

226 2071 281 2133 sed
304 2089 381 2150 quae
402 2069 439 2132 de
459 2070 604 2140 industria
626 2087 743 2132 amores
764 2071 887 2131 heroum
909 2069 1116 2130 tractaverint:
1140 2089 1231 2132 unum
1250 2070 1297 2132 hic

226 2157 379 2220 Parthenii
407 2156 515 2218 librum
537 2158 609 2217 satis
632 2165 677 2218 est
697 2170 959 2229 commemorasse,
979 2162 1011 2215 ut
1031 2153 1101 2233 quid
1123 2141 1161 2217 de
1185 2148 1297 2219 αἰτίων

228 2251 401 2321 argumento
424 2243 495 2303 mihi
515 2242 665 2317 uideatur,
693 2249 848 2323 appareat.
892 2240 945 2302 llis
971 2239 1063 2318 igitur
1089 2240 1177 2302 libris
1207 2241 1298 2305 Calli·

227 2330 347 2389 machus
369 2327 498 2404 Acheloi¹
514 2344 644 2389 amorem
667 2328 831 2401 cecinerat,
855 2343 941 2405 quem
962 2325 1129 2388 Beroaldus
1152 2328 1233 2390 haud
1256 2329 1299 2389 in·
1388 2391 1390 2396 ,

229 2423 298 2495 epte
319 2412 358 2475 ad
379 2431 509 2494 pugnam
529 2413 668 2476 Herculis
689 2421 719 2476 et
738 2412 840 2475 Aetoli
864 2411 946 2475 fluuii
974 2429 1064 2494 super
1085 2411 1231 2476 Deianira
1252 2430 1299 2476 or·

227 2505 288 2560 tam
316 2498 418 2562 refert.
467 2500 520 2561 llis
550 2515 669 2580 quoque
697 2514 887 2561 amoenorum
913 2497 1046 2559 locorum
1073 2495 1300 2584 descriptiones,
1388 2567 1389 2588 χ

231 2585 336 2665 quibus
365 2595 395 2647 et
422 2595 553 2647 amantea
582 2594 612 2648 et
642 2586 782 2647 amatorii
810 2584 948 2646 carminis
970 2601 1135 2666 praecones
1158 2585 1301 2650 delectari
1388 2599 1389 2602 ’

231 2673 353 2749 scimus,
374 2671 541 2734 intexuerat
563 2670 617 2749 (cf.
640 2670 679 2734 de
699 2671 868 2734 inventione
888 2671 980 2751 Prop.
1003 2668 1077 2752 Gap.
1098 2669 1180 2741 lvd:

366 2823 401 2838 ·-
433 2823 469 2836 -
501 2804 531 2849 at
548 2798 661 2865 Pitappio
677 2798 768 2866 fallam
787 2796 948 2848 Maeandria
965 2811 1058 2865 cumpo

401 2866 485 2918 &arat
502 2874 527 2918 et
544 2868 606 2934 ipsa
623 2884 689 2920 acas
707 2867 803 2936 decipit
818 2865 889 2918 moda
908 2867 976 2918 oica.
1063 2888 1068 2903 τ

232 2975 415 3058 Quamquam
446 2978 562 3042 doctius
592 2978 708 3062 aliquid
738 2980 869 3042 fortasse
901 2979 933 3042 in
960 2979 1007 3042 his
1033 2977 1169 3042 uersibus
1198 2977 1300 3044 lateat.
1389 2965 1390 2994 ¹

229 3063 307 3126 llam
336 3065 362 3125 si
385 3064 582 3128 Callimachus
611 3066 743 3146 singulas
767 3083 873 3128 causas
891 3083 955 3147 *per
977 3065 1076 3146 capita
1096 3064 1209 3128 diuisas
1233 3082 1301 3147 per-

232 3158 349 3210 secutus
372 3151 596 3228 est,'tralatitio
618 3153 673 3216 illo
695 3153 765 3214 inde
785 3153 822 3215 ab
845 3150 976 3214 Hesiodo
999 3168 1081 3214 mure
1102 3168 1188 3213 orsas
1210 3151 1301 3214 luisse

233 3249 286 3295 eas
315 3234 407 3298 facile
433 3238 622 3314 coniicimus,
650 3256 708 3319 quo
738 3254 843 3301 nouum
866 3238 1003 3320 quodque
1030 3245 1236 3317 argumentum
1262 3235 1299 3299 ah

231 3317 279 3379 his
299 3321 398 3384 uerbis
420 3323 498 3386 solet
520 3324 615 3386 ordiri
636 3315 659 3406 ἢ
680 3317 734 3408 οἳή
755 3324 803 3388 uel
819 3313 848 3407 ἢ
869 3313 924 3399 ὣς.
968 3321 1104 3403 Quodsi
1125 3333 1208 3387 recte
1228 3321 1300 3387 diri-

232 3405 381 3482 narimna,
404 3409 475 3488 quin
495 3409 558 3472 illis
579 3409 731 3473 uersihus:

407 3535 530 3586 mouerit
547 3541 585 3587 at
601 3550 698 3602 mayoc
716 3535 820 3602 fructas
835 3549 926 3589 amore
942 3533 1006 3588 deos

370 3602 476 3669 Atque
493 3605 592 3654 etium
610 3611 644 3655 ot
661 3603 773 3670 Phrppio
790 3605 855 3655 cett.

372 3671 495 3733 Quarta
512 3678 544 3724 et
560 3671 670 3724 Adrasti
686 3673 766 3739 faerit
782 3672 883 3724 vocalia
899 3670 983 3724 Arion
999 3671 1066 3726 cett.
1081 3695 1117 3712 ·-·

233 3796 293 3844 non
322 3781 428 3861 modo,
462 3785 543 3866 quod
573 3793 705 3861 constat,
739 3793 914 3865 argumenta
949 3783 1096 3867 quaedam
1129 3781 1301 3850 Callimachi
1389 3799 1390 3826 t

234 3878 420 3945 enumerata,
449 3869 503 3934 sed
518 3872 614 3935 ‘etiarn
635 3873 763 3954 capitum
788 3879 936 3934 certorum
962 3872 1050 3934 initia
1072 3889 1110 3935 ex
1129 3870 1300 3950 Originibus
1389 3913 1390 3956 3

233 3953 342 4016 Latine
363 3973 503 4036 expressa
515 3958 689 4040 Propertius
710 3957 813 4020 eodem
834 3956 921 4020 modo
940 3959 1027 4020 nohis
1048 3959 1221 4034 censuerit,
1243 3971 1298 4038 quo
1389 3971 1390 4016 r

232 4040 337 4120 paullo
360 4042 441 4104 inira
462 4042 661 4107 Romanorum
679 4052 847 4124 poematum
868 4061 994 4106 summas
1018 4044 1092 4125 ipsis
1113 4061 1210 4126 paene
1229 4059 1300 4126 poe-
1389 4079 1390 4088 κ

233 4133 330 4189 tarum
354 4128 454 4190 uerbis
480 4138 652 4206 recenseat,
679 4129 777 4192 nullus
800 4128 906 4193 dubito
926 4129 981 4210 (ol.
1003 4129 1076 4212 Cap.
1098 4131 1148 4196 tv.
1167 4129 1204 4196 V.
1225 4126 1298 4203 liud.

232 4213 330 4292 Atque
356 4214 418 4277 tale
443 4213 559 4277 initium
585 4213 664 4299 apud
688 4216 785 4298 ipsum
805 4213 1019 4281 Callimachum
1046 4223 1129 4283 extat
1151 4215 1236 4295 loco,
1262 4212 1298 4276 de

232 4315 291 4378 quo
312 4299 391 4364 inira
412 4299 553 4365 dicemus:
