2762 4972
215 339 268 416 90
529 344 722 406 Quaestionum
740 344 824 398 'Liber
841 344 983 398 55555555.

217 533 266 591 155
289 523 332 587 515
354 520 530 586 5515551551
554 518 643 598 55111,
667 527 700 583 55
723 515 844 584 51155155
868 517 1000 604 5515555,
1029 529 1189 603 55551555
1211 536 1283 600 quae

217 610 426 675 describantur
446 609 550 672 variae
579 608 653 682 sint,
682 608 726 669 sic
747 607 847 670 varios
871 623 936 669 esse
957 616 1047 687 atque
1069 608 1146 671 adeo
1168 609 1284 687 opposi-

217 707 266 762 tos
288 695 384 771 dicat,
404 695 564 758 sententias
585 693 751 768 comitem,
772 710 828 755 555
848 711 977 774 unquam
994 703 1128 775 poetam,
1150 692 1227 774 quod
1249 695 1284 756 ab

216 784 303 847 initio
327 782 533 856 affirmaverit,
559 789 709 861 postremo
732 796 859 858 negare:
887 781 1004 842 55155
1026 779 1144 860 quidem
1167 779 1284 842 evincet.

217 869 497 943 11555Ε1.11,33.
523 875 680 949 postquam
708 866 794 928 initio
819 865 1006 928 vehementer
1032 867 1063 928 in
1090 867 1238 930 levitatem
1259 874 1287 928 51

218 954 375 1038 perfidiam
392 953 511 1035 puellae
532 953 663 1015 invectus
688 960 748 1026 551,
768 969 795 1014 v.
815 952 866 1016 25.
888 960 1035 1031 tamquam
1055 954 1155 1017 subito
1178 953 1286 1016 erroris

220 1043 267 1106 551
287 1042 454 1104 admonitus
476 1040 543 1120 ipse
565 1056 597 1102 se
618 1037 745 1118 corrigit
766 1044 794 1100 et
814 1037 845 1099 in
866 1055 899 1100 se
921 1054 1095 1101 conversus:

355 1173 431 1243 „Sed
453 1169 525 1240 to“‚·
541 1170 592 1235 ait,
617 1188 695 1240 „non
712 1170 788 1224 debes
806 1173 927 1223 inimicae
943 1173 1047 1226 55511555
1064 1174 1183 1241 liutperto:

390 1243 499 1309 Semper
514 1243 639 1308 formosis
656 1241 750 1308 fabola
768 1256 854 1308 poetro
870 1239 953 1308 [51511

218 1375 322 1462 Neque
342 1378 433 1442 aliter
452 1377 500 1441 El.
522 1378 567 1456 Il,
588 1380 656 1454 17„
678 1393 744 1441 cum
762 1377 822 1440 iam
843 1369 967 1440 mortem
986 1377 1101 1442 inlerre
1121 1378 1178 1441 sibi
1200 1355 1287 1441 desti-

218 1474 320 1529 nasset
348 1468 407 1541 (vv.
431 1468 586 1542 1311),
618 1465 657 1527 ad
684 1465 858 1546 patientiam
888 1467 1079 1528 convertitur.
1123 1464 1209 1543 Quod
1231 1482 1287 1526 oon
1371 1507 1372 1510 ,

218 1561 385 1616 assecutum
402 1551 621 1614 Lachmannom
639 1568 695 1633 pro
716 1552 825 1614 iuvat
850 1549 962 1614 1555555
982 1551 1093 1615 iubet
1114 1561 1229 1614 tentare
1249 1549 1285 1612 ad

220 1657 286 1703 eum
307 1638 405 1700 locum
427 1637 598 1700 videbimus.
640 1636 769 1699 Prorsus
791 1636 867 1700 euim
890 1637 1013 1702 eandem
1034 1639 1197 1704 sententiaa
1220 1654 1287 1702 cou-

217 1725 385 1790 versionem
408 1725 569 1786 observare
589 1723 661 1788 licet
681 1725 724 1799 ll,
747 1721 802 1798 25,
825 1723 877 1787 15.
899 1728 958 1802 33,
979 1724 1031 1788 35.

320 1826 382 1889 lam
399 1844 471 1890 vero
491 1827 517 1888 si
538 1826 668 1908 quaeris,
689 1825 760 1907 qnid
780 1824 811 1888 in
830 1827 888 1888 boc
909 1843 1020 1906 genere
1041 1825 1173 1888 omnibus
1194 1824 1286 1907 poetis

220 1930 386 1987 commune,
413 1911 484 1993 qaid
507 1913 658 1995 Propertii
685 1912 836 1994 proprium
863 1913 917 1987 sit,
944 1915 1001 1975 boc
1028 1914 1093 1974 sine
1121 1911 1287 1974 5115515151-

217 1999 488 2064 1551555111555515
512 1998 723 2074 concesserim,
743 2007 862 2080 poetam
880 2008 1026 2073 nostrum,
1045 1997 1105 2060 nisi
1127 2017 1186 2080 555
1207 1997 1286 2078 copi-

219 2085 318 2149 dinum
340 2085 525 2148 vehementia
545 2087 686 2166 abreptus
710 2101 775 2146 cum
800 2085 909 2165 inpetu
936 2095 966 2148 et
989 2086 1114 2163 fragore
1143 2091 1285 2156 excurrat,

219 2188 337 2252 semper
364 2181 415 2233 aut
440 2189 536 2252 paene
562 2189 678 2252 semper
705 2171 748 2233 ita
777 2179 954 2252 componere
982 2171 1186 2251 discrepantes
1211 2169 1287 2234 velot

218 2256 400 2322 voluntatum
424 2275 530 2330 voces,
559 2267 592 2320 ut
618 2275 677 2319 non
701 2257 855 2340 protinus,
883 2257 970 2318 sicuti
992 2257 1150 2336 Tibullus,
1170 2254 1287 2339 placida

219 2345 319 2426 quiete
345 2343 486 2406 lectorem
513 2345 677 2424 impertiat,
710 2342 764 2405 sed
801 2340 960 2423 pendulum
989 2345 1139 2406 etiamtum
1170 2342 1287 2407 extremi

220 2439 340 2493 5555155
370 2430 576 2511 expectatione
610 2431 738 2491 animum
769 2429 928 2510 relinquat.
980 2428 1068 2505 Quod
1097 2446 1163 2492 oum
1190 2430 1221 2491 in
1250 2429 1286 2490 iis

219 2515 414 2591 carminibus,
441 2532 565 2596 quorum
596 2517 705 2580 exitum
732 2514 874 2584 melioris,
893 2514 1072 2578 conditionis
1103 2534 1158 2596 spe
1186 2514 1286 2579 confici

219 2601 496 2677 demonstravimus,
515 2602 640 2664 maxime
660 2603 699 2665 sit
717 2603 918 2684 perspicuum,
939 2601 1221 2682 inquietudinis
1243 2610 1287 2663 ta·

219 2706 285 2750 meu
307 2689 356 2750 bic
385 2689 471 2751 color
490 2707 546 2770 555
571 2689 713 2752 maiorem
737 2697 903 2769 poematum
931 2689 1144 2750 amatoriorum
1168 2687 1287 2770 potissi·

216 2791 295 2838 mum
316 2783 430 2854 partem
452 2775 495 2838 ita
519 2776 737 2858 pertranseo,
767 2783 799 2836 ut
819 2775 887 2837 binc
908 2775 1033 2838 maxime
1055 2773 1282 2839 dramaticus

216 2860 286 2938 1115,
309 2879 394 2941 quem
413 2879 509 2944 55555
530 2860 659 2937 dixeris,
685 2865 915 2942 progressus
938 2869 1093 2936 nascatur,
1121 2877 1180 2940 555
1200 2859 1285 2941 55151

217 2955 281 3011 1555
308 2947 382 3010 libri
407 2948 487 3013 55151
515 2967 603 3010 omnm
630 2957 660 3011 55
687 2956 860 3027 perpetuom
888 2963 962 3028 opus
992 2947 1113 3009 eiicere
1141 2946 1283 3011 videntur.

202 3032 293 3097 ‘Nam
313 3035 337 3096 ii
359 3034 389 3096 in
407 3044 504 3098 mente
521 3034 650 3114 legentis
670 3033 767 3095 555151
789 3051 905 3115 semper
926 3032 1145 3112 relinquuntur,
1166 3043 1198 3097 55
1218 3029 1286 3114 quid

216 3118 400 3200 1551555555
422 3120 491 3184 inde
513 3121 552 3182 sit
579 3130 761 3194 eventurum,
782 3119 862 3181 ultro
888 3119 1063 3181 sciscitetur.
1107 3118 1286 3199 Quamquam

219 3205 349 3285 5511555
372 3206 473 3285 555515
494 3203 636 3286 deceptus
659 3222 723 3267 cum
745 3205 878 3286 Gruppio
899 3213 980 3267 totos
1003 3204 1168 3284 elegiarum
1193 3206 1285 3268 libros

218 3308 278 3353 ouo
307 3299 415 3353 conatu
442 3299 471 3354 et
500 3292 638 3353 continue
666 3292 792 3372 scriptos
822 3291 977 3372 opinetur,
1007 3308 1067 3353 non
1097 3291 1185 3353 modo
1212 3292 1285 3353 Pro-

216 3375 323 3458 pertii,
350 3374 404 3438 sed
432 3395 470 3440 ne
496 3376 614 3456 elegiae
638 3376 754 3456 quidem
778 3378 809 3439 in
836 3378 1003 3438 universum
1020 3385 1154 3439 naturam
1177 3367 1286 3456 coguo-

216 3462 296 3526 visse
318 3479 351 3524 se
373 3462 566 3543 prodentibus
587 3471 705 3544 arguat.
747 3463 804 3526 Ille
825 3480 897 3525 vero
919 3479 1007 3543 quam
1030 3463 1068 3525 sit
1092 3463 1188 3526 animo
1210 3465 1286 3524 irre-

217 3549 336 3630 quieto,
360 3549 433 3610 satis
454 3549 520 3630 ipse
541 3557 682 3625 testator,
710 3566 774 3610 com
794 3549 926 3611 hostibus
948 3549 1009 3610 suis
1030 3548 1139 3611 lentam
1159 3549 1285 3630 puellam

215 3634 337 3697 evenire
359 3642 457 3715 optat,
487 3643 591 3698 55555
612 3635 750 3697 dolere
779 3637 963 3697 inamore
984 3635 1134 3697 55115555
1155 3636 1285 3698 dolon-

217 3728 288 3783 tem
314 3720 449 3784 audire
474 3730 564 3804 55555
583 3721 740 3803 5511555
766 3723 804 3784 15
830 3721 934 3784 irata
960 3720 1019 3797 ait,
1041 3731 1070 3784 et
1091 3722 1221 3785 odisse
1247 3736 1284 3782 se

217 3822 384 3905 somnos,
413 3824 509 3892 5555
532 3808 708 3890 55551515
735 3816 1005 3892 compungant.
1049 3807 1128 3886 Quin
1154 3807 1186 3872 id
1208 3803 1285 3891 quod

216 3909 389 3958 murorum:

353 4007 505 4060 5151155551
523 4014 570 4060 555
590 4008 762 4076 5551555111
780 4025 837 4062 com
855 4009 985 4062 5155511155
1003 4025 1081 4061 anno

387 4077 496 4144 8555555
513 4083 604 4132 erant:
624 4078 659 4128 15
676 4083 709 4130 15
725 4095 795 4147 555
811 4079 891 4131 mibi
909 4080 1008 4130 nollo
1025 4081 1150 4147 piacet.

101 4217 108 4226 '
217 4209 293 4273 11155
314 4209 368 4272 1115
387 4208 528 4274 tristitiae
550 4207 635 4272 color
665 4219 694 4274 et
716 4212 815 4274 subita
836 4229 927 4292 saepe
948 4213 1051 4274 mortis
1072 4210 1214 4275 memoria
1235 4203 1286 4280 (de

220 4316 279 4382 555
301 4297 339 4362 51.
362 4296 531 4382 cap.1V.)‚
557 4297 625 4361 binc
648 4297 801 4362 clausulae
825 4299 915 4362 multo
938 4317 1025 4380 quam
1051 4315 1108 4380 pro
1131 4296 1285 4361 5555515555
