2834 4972
197 329 249 410 28
524 338 716 400 Quaestionum
733 337 815 392 Liber
832 337 941 408 primus.

198 517 292 598 igitur
312 515 355 579 ita
376 515 461 598 sequi
483 531 516 579 se
536 512 623 590 selle,
645 520 677 576 nt
698 511 805 576 relicto
826 509 983 592 magnifico
1005 511 1059 576 illo
1083 521 1112 576 et
1132 511 1269 592 glorioso

198 601 348 668 scribendi
384 618 496 681 genere
527 600 708 676 (so-su.)
744 597 892 679 epaonis
925 597 1093 681 puellisque
1128 599 1270 665 laudetur

198 688 364 754 amantibus
379 685 571 767 (Ι3-46.),
589 684 661 748 licet
675 685 852 750 Maecenate
874 681 948 746 duco
968 684 1047 748 uires
1066 703 1145 759 suas,
1166 705 1269 766 qnant-

196 777 242 840 ris
263 791 319 857 per
340 790 372 835 se
392 774 526 852 exiguas,
547 773 591 834 ita
613 778 729 833 auctum
750 769 790 832 iri
811 767 948 844 confidat,
969 779 1001 833 nt
1014 769 1064 836 uel
1084 770 1268 834 difficillimis

198 859 379 942 argumentis
400 875 490 940 pares
511 858 582 920 liant
596 853 787 936 (sl-be),
808 855 865 918 boo
886 872 945 918 nno
966 863 1132 921 contentum
1154 866 1183 921 et
1201 857 1269 922 lae-

196 957 268 1022 tum,
287 945 314 1010 si
333 945 372 1008 ab
390 945 471 1008 illius
491 944 627 1026 partibus
649 942 765 1006 stetisse
783 938 931 1022 quondam
949 940 1082 1006 dicator,
1117 945 1270 1025 Acceptis·

198 1033 302 1097 simum
322 1040 420 1096 antem
441 1032 498 1093 boo
524 1027 704 1094 adulationis
726 1043 820 1107 genus
837 1028 1010 1092 Maecenati
1031 1026 1111 1110 qnod
1133 1027 1270 1106 diximus,

198 1119 302 1201 quanti
322 1118 387 1198 ipse
409 1116 530 1194 iecerit,
557 1113 637 1196 qnod
664 1114 727 1178 luto
749 1120 918 1177 senatorum
940 1113 1025 1178 clauo
1049 1115 1195 1196 equestris
1217 1133 1269 1178 or·

196 1204 276 1286 dinis
307 1201 493 1285 splendorem
522 1210 636 1264 multura
671 1197 834 1274 noluisset,
865 1199 938 1263 salis
973 1209 1018 1264 est
1049 1200 1267 1284 pervulgatum.

196 1290 243 1356 Gi.
277 1289 378 1352 Sobol.
409 1290 477 1352 Aer.
508 1287 547 1350 ad
581 1287 654 1351 lior.
688 1285 784 1348 Serm.
812 1284 843 1362 1,
872 1289 910 1361 c,
945 1288 998 1350 97.
1064 1286 1139 1350 ilino
1175 1288 1266 1351 toties

196 1383 306 1458 poetae
335 1375 500 1456 equitem
529 1390 593 1435 enm
616 1371 815 1452 alloquantur.
859 1369 904 1435 Gi.
925 1371 998 1434 Hor.
1015 1371 1077 1454 J0d.
1099 1373 1130 1449 Ι,
1153 1377 1212 1448 20,
1233 1375 1266 1438 b.

195 1461 256 1538 ΙΙΙ,
280 1463 335 1536 16,
359 1465 411 1525 20.
441 1459 529 1543 ¹Hine
549 1457 724 1542 Propertius
744 1456 776 1518 in
796 1458 934 1520 carminis
955 1457 1035 1522 illins
1055 1458 1156 1522 initio:
1177 1460 1267 1524 Mae-

195 1564 302 1623 cenas,
324 1563 441 1628 equus
462 1545 607 1610 llctrnsoo
630 1541 667 1606 do
690 1541 834 1624 sangnine
856 1548 979 1626 regem,
1008 1543 1117 1608 Intra
1138 1544 1266 1616 inatu-

194 1652 274 1698 nam
294 1634 356 1713 qui
378 1631 488 1712 cupis
509 1646 594 1692 esse
615 1637 721 1691 tunm.

297 1717 364 1782 Non
392 1715 484 1780 multo
510 1723 644 1796 tempore
671 1721 827 1796 postquam
848 1713 878 1776 in
897 1714 1084 1778 Maecenatis
1107 1713 1266 1779 amicitiam

195 1804 338 1880 uouisset,
367 1804 540 1882 Augusto
568 1808 677 1882 potitae
704 1801 799 1864 nostri
826 1800 974 1882 ingenium
999 1800 1177 1877 innotuisse,
1207 1819 1266 1864 non

196 1899 243 1956 est
270 1889 348 1972 quod
370 1889 518 1951 miremur.
560 1886 643 1952 lluno
670 1895 768 1949 antem
793 1902 852 1949 uon
875 1888 962 1968 parui
984 1888 1047 1950 eins
1068 1885 1198 1950 indolem
1219 1887 1266 1950 le·

196 1979 289 2051 cisse,
317 1977 376 2039 iam
399 1972 469 2037 inde
489 1981 571 2037 recte
593 1971 771 2053 collegeris,
793 1969 888 2054 quod,
910 1973 1041 2054 manicis
1061 1976 1139 2036 omni
1161 1982 1268 2055 pocta·

196 2081 261 2127 rum
287 2060 392 2142 generi
418 2059 550 2134 lateret,
578 2067 674 2122 tamen
696 2057 806 2122 remini
836 2058 894 2121 nisi
923 2059 1024 2122 summi
1052 2059 1167 2138 ingenii
1192 2058 1267 2122 uiris

195 2149 227 2211 in
251 2167 333 2210 sunm
353 2164 458 2209 nomen
480 2146 611 2210 carmina
631 2162 810 2226 componere
824 2144 982 2208 Gaesarem
1002 2146 1172 2228 permisisse
1190 2145 1267 2209 Suc-

195 2235 296 2298 tonius
325 2237 430 2296 auctor
458 2241 512 2295 est.
562 2231 672 2312 Elegia
702 2239 798 2309 antem
823 2229 896 2307 illa,
926 2250 1014 2312 qnam
1041 2231 1080 2294 ad
1106 2232 1267 2296 Gaesarem

195 2319 317 2402 scripsit
338 2319 359 2382 l.
381 2318 425 2393 ll,
449 2320 514 2393 10„
540 2332 603 2380 cnm
632 2333 669 2379 eo
693 2324 827 2398 tempore
847 2318 1012 2398 composita
1036 2319 1090 2395 sit,
1118 2335 1182 2400 qno·
1200 2326 1267 2382 tau-

195 2404 262 2470 dem
290 2402 452 2486 aliqnando
487 2421 525 2468 ex
554 2402 669 2466 acerbis
705 2402 816 2465 amoris
849 2403 1021 2468 uulneribus
1056 2406 1266 2470 conualescere

194 2500 352 2574 coeperat,
387 2489 502 2552 maiora
529 2507 616 2570 qnam
647 2488 739 2552 exilia
764 2487 869 2552 lectuli
894 2488 977 2553 bella
1004 2499 1034 2554 et
1060 2491 1268 2574 praeclariora

193 2596 227 2642 se
250 2586 400 2640 canturam
422 2593 487 2637 essa
509 2575 645 2638 minatur.
685 2575 746 2640 Res
771 2575 847 2638 enim
866 2574 1023 2653 Caesaris,
1044 2595 1118 2660 quas
1145 2586 1211 2642 tnnc
1232 2577 1266 2639 in

129 2664 135 2677 ¹
192 2662 363 2747 prouincias
383 2662 516 2724 abiturus
535 2660 588 2723 ille
607 2659 743 2744 parabat,
763 2679 796 2724 se
812 2659 1039 2726 celebraturum.
1083 2664 1266 2746 Quamquam

192 2751 251 2813 nisi
267 2748 366 2811 laudis
383 2765 522 2810 stnmmatn
536 2756 721 2828 assequatur,
742 2756 775 2811 ut
795 2748 827 2810 in
847 2765 881 2811 re
896 2747 1001 2823 ardua,
1015 2750 1074 2812 iant
1093 2748 1264 2814 uoluisse

193 2837 267 2899 satis
301 2836 344 2897 ait
373 2852 438 2896 esse
466 2833 638 2898 ducendum.
687 2834 791 2915 Neque
817 2842 923 2914 postea
951 2831 1079 2911 destitit,
1110 2837 1180 2919 qnin
1206 2851 1268 2916 pro

190 2931 356 3002 temporum
390 2919 510 2982 illorum
543 2919 678 2995 ratione,
711 2921 879 3001 ubicunque
912 2921 1097 2984 occasionem
1132 2921 1266 2986 earmina

190 3007 320 3082 ferrent,
343 3004 469 3086 Augusti
498 3003 623 3086 glorian
649 3004 809 3069 extolleret
831 3004 891 3081 (ci,
907 3006 953 3083 ll,
974 3009 1009 3082 7,
1031 3008 1062 3072 5.
1084 3007 1128 3083 ΙΙ,
1151 3012 1188 3083 l,
1208 3010 1265 3071 42.

191 3094 239 3170 ΙΙ,
269 3097 326 3168 16,
354 3096 405 3156 37.
433 3094 529 3172 sqq),
556 3091 587 3153 in
613 3109 672 3171 qna
699 3099 762 3154 tota
787 3100 925 3155 versatur
950 3091 999 3155 El.
1019 3093 1077 3170 lv,
1102 3098 1150 3172 6.,
1178 3109 1265 3175 qnam

190 3180 330 3244 Beothius
360 3178 396 3254 (l.
414 3175 436 3239 l.
459 3193 488 3257 p.
508 3175 684 3255 LXXXVI.)
712 3177 778 3238 inre
804 3193 858 3239 suo
887 3176 926 3240 ad
953 3178 1149 3242 celebrandos
1178 3179 1266 3260 qnin-

192 3263 356 3348 quenrales
384 3261 532 3344 Apollinis
562 3261 666 3336 ludos,
695 3261 727 3324 in
752 3262 920 3326 memoriam
949 3265 1095 3328 uictoriae
1122 3266 1266 3329 Actiacae

191 3351 342 3414 institutos
369 3347 423 3428 (oi.
446 3347 504 3410 Dio
527 3346 611 3410 tiass.
638 3346 724 3425 LIII,
748 3352 778 3412 l.
808 3349 878 3412 coll.
901 3349 985 3426 LIV,
1009 3355 1060 3418 to.
1089 3352 1156 3433 ini.)
1184 3367 1265 3414 oont-

192 3437 320 3520 positam
349 3450 415 3497 esse
443 3441 554 3497 censet.
597 3433 716 3512 Quoia
737 3451 772 3498 re
793 3436 1026 3517 quotiescunque
1051 3438 1140 3500 tantis
1165 3435 1266 3500 landi-

191 3523 248 3586 bns
278 3519 397 3602 imperii
425 3519 589 3601 principem
618 3529 720 3594 ornat,
751 3531 875 3601 quantas
906 3532 1073 3586 nostrorum
1102 3532 1265 3604 temporum

192 3609 326 3676 rationes
348 3614 464 3669 secutus
490 3605 581 3668 facile
606 3606 672 3686 quis
699 3604 884 3671 damnandae
911 3607 1090 3672 adulationis
1119 3610 1265 3688 ingenuo·

193 3712 254 3776 que
276 3694 341 3756 uiro
370 3690 510 3770 indignae
537 3691 603 3754 iure
629 3709 683 3755 suo
711 3692 770 3754 sibi
800 3710 928 3772 arguere
954 3694 1104 3769 uideatur,
1132 3693 1164 3756 id
1192 3710 1264 3760 uero

191 3797 269 3862 prae
284 3777 398 3840 cetone
423 3774 580 3839 tenendum
606 3785 665 3853 est,
691 3776 771 3858 quod
797 3779 852 3841 illo
880 3787 1014 3860 tempore
1037 3781 1186 3844 Ronanus
1211 3797 1268 3861 po·

193 3864 282 3948 pnlus
305 3880 322 3925 c
342 3861 465 3925 furiosis
491 3869 521 3926 ct
546 3862 781 3941 sanguinolentis
804 3864 1009 3928 intestinorum
1037 3866 1182 3930 bellorum
1205 3874 1268 3929 tur·

193 3950 241 4015 bis
263 3947 382 4013 tandem
403 3947 565 4029 aliquando
586 3959 736 4024 seruatus,
765 3966 829 4013 cunr
855 3951 1054 4029 gratissimum
1077 3961 1106 4017 et
1132 3967 1267 4014 securum

196 4038 289 4101 otium
317 4032 371 4112 (cl.
397 4032 477 4098 inira
504 4034 574 4098 Lib.
598 4034 651 4098 ΙΙΙ.
678 4035 752 4117 Gap.
774 4034 829 4118 1.),
859 4036 948 4116 quale
977 4047 1066 4101 antea
1092 4054 1151 4100 non
1178 4035 1267 4098 ntodo

195 4126 386 4206 sperauerat,
414 4117 469 4182 sed
496 4117 533 4183 da
560 4137 618 4202 quo
645 4138 683 4185 no
708 4121 892 4200 cogitaverat
921 4122 1055 4204 quidem,
1087 4131 1209 4204 repente
1237 4128 1268 4184 et

195 4207 285 4291 quasi
312 4203 450 4268 diuinitus
478 4203 637 4269 immissum
663 4216 767 4270 nactus
799 4215 891 4282 esset,
919 4208 1057 4290 perditae
1082 4207 1268 4290 reipublicae

196 4303 227 4358 et
252 4291 403 4355 libertatis
424 4291 535 4373 optimo
556 4293 664 4373 cuique
685 4292 745 4355 ium
766 4289 819 4358 diu
839 4291 1016 4376 desperatae
1038 4292 1167 4357 libenter
1186 4291 1267 4356 obli·
