2762 4972
403 366 557 442 caputve
592 365 813 429 usercensem.
1078 351 1155 436 tar

78 541 172 622 ligeri
193 541 441 624 interpretatione
461 541 551 608 multo
573 543 679 619 etiam,
702 561 788 625 quam
811 551 856 606 est
875 541 1039 606 Burmanni
1061 561 1158 622 error,

76 631 176 709 magis
199 627 371 692 admirabili
400 629 567 710 decipiare:
599 630 710 692 nullum
733 629 886 694 dubitandi
913 630 1010 693 locum
1033 629 1084 694 dat
1104 647 1157 694 ue·

76 734 128 777 rus
159 716 307 776 ablativus
330 715 387 790 ΙΙΙ,
409 720 445 790 6,
467 719 533 779 ab:
564 717 735 779 insultet
761 725 884 778 morte
912 733 1009 790 mea,
1038 717 1070 778 in
1097 733 1156 797 quo

79 802 259 882 explicando
290 803 363 864 mire
393 820 491 864 secum
522 801 645 866 dissidet
665 803 862 864 Burmannus.
907 801 1056 864 Geminum
1080 803 1157 864 enim

78 889 166 949 buius
195 887 292 950 locoru
314 886 344 963 1,
367 892 421 962 19,
446 893 512 951 lta:
542 889 651 966 „Quae
672 899 704 951 tu
724 889 791 950 uiua
818 905 898 950 mea
925 889 1023 970 possin
1045 889 1156 952 nentina

78 973 252 1036 iauilla“
275 975 332 1036 iam
355 991 444 1054 supra
461 975 622 1054 attigimus.
667 976 828 1055 Utrumque
850 981 946 1036 outenn
968 972 1045 1035 idem
1061 973 1156 1055 quod:

79 1077 143 1121 eum
169 1069 336 1126 mortuos
357 1059 480 1122 inere.
525 1062 608 1123 Hunc
630 1061 723 1138 igitur
744 1060 903 1122 ablativum
926 1075 1075 1138 agnosce,
1098 1077 1158 1123 nom

80 1144 222 1219 datiuum,
244 1145 268 1220 1,
287 1150 336 1220 ΙΙ,
353 1151 420 1210 ab:
441 1146 496 1209 illa
517 1163 596 1208 meo
619 1145 759 1209 donasset
780 1146 922 1208 iuuere
944 1146 1051 1221 erineo,
1073 1147 1100 1209 b.
1124 1162 1152 1209 e.

79 1248 145 1293 cunr
170 1231 301 1296 adiuerit
321 1232 433 1294 innuo
455 1250 580 1295 meum.
622 1231 782 1317 interdum,
801 1248 864 1293 cum
886 1232 925 1294 sit
946 1229 1047 1294 eadem
1065 1231 1156 1307 ratio,

79 1318 334 1398 praepositionem
360 1320 465 1380 abesse
495 1318 617 1394 eredas,
644 1318 724 1381 uelut
752 1318 781 1391 Ι,
804 1320 863 1393 ΙΙ,
885 1322 914 1379 2.
938 1335 995 1379 ex:
1020 1316 1092 1380 Cum
1114 1353 1158 1366 -

80 1403 289 1467 Mentoreo
310 1405 480 1468 rinabibas
502 1422 635 1485 opere;
655 1404 704 1466 uel
727 1420 815 1476 curn,
838 1412 870 1466 ut
887 1402 1033 1479 l,7,2c.:
1057 1403 1157 1484 Saepe

80 1491 162 1552 teuit
191 1507 331 1568 magno
360 1491 495 1552 ienore
523 1491 626 1552 tardus
653 1491 763 1564 Amor3
791 1488 1017 1563 1v‚ao,25.:
1046 1488 1157 1552 Consua

82 1583 113 1637 at
131 1576 300 1656 insequitur
313 1576 445 1641 Veientis
463 1576 555 1638 caede
568 1576 716 1638 Tolumni.
759 1573 844 1638 Adde
858 1574 895 1648 ΙΙ,
911 1576 939 1646 Ι,
956 1578 1006 1638 10.
1050 1573 1160 1651 Quam-

81 1679 171 1741 quam
199 1663 305 1724 iterum
333 1663 381 1725 lnic
410 1662 475 1742 quis
505 1661 757 1724 instrumentalem
782 1661 829 1722 rel
859 1659 1007 1721 causalem
1037 1658 1156 1723 dixerit.

82 1747 159 1810 Sunt
187 1750 265 1810 enim
290 1750 346 1811 boc
375 1749 463 1811 etiam
491 1758 577 1829 parte
603 1748 676 1810 dues
704 1745 847 1826 contigui.
897 1745 972 1808 Nam
1001 1743 1048 1807 El.
1070 1745 1101 1822 l,
1126 1750 1156 1821 2,

83 1836 150 1896 la:
175 1834 312 1896 uolucres
334 1835 441 1896 nulla
461 1832 576 1897 dulcius
596 1843 683 1896 orte
705 1842 812 1896 canunt
832 1865 875 1876 -
895 1848 958 1894 cum
979 1841 1083 1912 aperto
1104 1831 1157 1894 sit:

83 1920 110 1980 si
137 1919 222 1982 nulla
248 1939 298 1983 ars
325 1921 411 1982 adest
438 1957 495 1996 -,
525 1930 620 1982 tamen
649 1920 706 1981 boe
733 1921 843 2000 ipsum,
873 1917 953 1997 qood
976 1936 1035 1979 uon
1061 1915 1157 1993 adest,

81 2021 202 2067 eausa
231 2016 276 2070 est
302 2006 444 2069 dulcioris
467 2016 585 2080 cantus,
614 2006 691 2067 unde
722 2023 781 2067 non
805 2006 835 2065 in
865 2004 1013 2078 ablativo,
1042 2002 1093 2064 red
1124 2003 1157 2066 iu

82 2093 260 2170 metonymia
281 2094 344 2155 eius
366 2093 427 2156 loci
449 2091 649 2154 difficultatem
671 2093 797 2172 positam
821 2107 886 2153 esse
906 2089 998 2152 dieas.
1042 2089 1157 2151 Similia

82 2177 163 2238 ratio
191 2176 238 2240 ΕΙ.
261 2176 291 2253 l,
316 2183 440 2252 17‚4.:
469 2181 631 2260 Omniaque
664 2180 820 2257 ingrato
847 2175 968 2238 litore
995 2183 1065 2238 vcia
1095 2191 1159 2236 ea-

84 2261 190 2339 dunt,
213 2263 270 2326 ubi
292 2265 343 2345 qui
362 2265 410 2328 ΕΙ.
430 2265 484 2340 IV,
509 2270 565 2340 ΙΙ,
587 2269 632 2327 li:
657 2264 769 2344 Nempe
791 2273 857 2325 tuas
885 2261 1070 2324 lacrimas
1100 2260 1155 2322 li·

86 2356 173 2410 tora
193 2349 285 2412 surda
305 2352 447 2428 bibunt,
469 2362 498 2416 et
519 2351 624 2413 deiude
641 2351 663 2425 l,
679 2355 728 2425 16,
742 2352 807 2413 38.:
829 2347 868 2410 Et
886 2366 951 2409 mea
971 2357 1157 2410 nocturno

83 2435 178 2496 rerba
199 2435 335 2499 cadunt
350 2437 527 2519 Zephyro
547 2438 773 2517 comparaverit,
788 2434 935 2497 earusalem
957 2450 1056 2495 oasum
1078 2431 1157 2513 eripi

85 2520 144 2580 sibi
173 2521 223 2583 rin
251 2523 391 2602 patietur.
436 2525 481 2586 Gi.
504 2533 665 2604 praeterea
691 2522 721 2597 l,
743 2524 781 2595 5,
807 2523 856 2582 ΙΙ.
886 2517 1062 2594 1,17.fin.
1106 2517 1155 2583 El.

85 2615 181 2668 antem
211 2607 415 2681 1v‚1‚ao.:
446 2609 610 2688 lngeuio
641 2625 740 2670 muros
773 2605 955 2668 aestimet
983 2605 1037 2666 ille
1067 2621 1158 2680 meo,

85 2693 135 2772 qui
156 2694 442 2757 uersual‘aldamum
461 2694 549 2759 ualde
569 2694 700 2768 offendit,
721 2710 776 2773 pro
797 2691 929 2752 ablativo
950 2690 1077 2772 simplici
1099 2691 1158 2752 uti·

85 2795 142 2856 que
171 2780 328 2844 malueris:
356 2799 424 2862 pro
455 2782 615 2860 ingenio
646 2797 725 2842 meo
757 2777 807 2840 uel
838 2775 1041 2839 secuudum
1067 2776 1089 2837 i.
1117 2793 1155 2839 m.

85 2863 145 2926 Sed
168 2875 213 2927 est
233 2864 311 2928 idem
335 2877 434 2930 noster
457 2867 620 2941 ablativus,
650 2867 701 2946 qui
729 2866 812 2926 iuxta
839 2861 1015 2928 aestimandi
1036 2861 1156 2924 uerbum

83 2951 199 3030 positus
221 2951 252 3012 in
274 2954 363 3032 pretii
386 2953 629 3032 significationem
652 2960 756 3032 sponte
776 2949 943 3010 declinarit.
987 2946 1034 3009 Gi.
1054 2964 1157 3011 conum.

86 3035 123 3098 ad
144 3054 169 3098 e.
189 3037 212 3099 Ι.
258 3037 372 3100 (ioutra
392 3059 447 3101 usu
468 3041 498 3101 iu
522 3040 609 3100 rebus
630 3037 849 3116 vulgatissimo,
871 3035 901 3094 in
920 3034 1056 3114 personis
1078 3049 1156 3095 nouo

86 3121 128 3197 ΙΙ,
149 3125 185 3198 8,
208 3125 277 3187 38.;
304 3125 435 3188 lulerior
462 3125 552 3186 multo
580 3141 644 3188 oum
670 3125 725 3187 sim
752 3121 801 3187 uel
827 3128 948 3185 matre
974 3119 1024 3186 tel
1050 3118 1158 3196 armisp

84 3206 105 3269 i.
127 3225 152 3272 e.
175 3210 255 3291 qnod
277 3209 316 3272 ad
338 3221 458 3275 matrem
480 3211 596 3275 attinet.

460 3355 489 3426 §.
510 3364 551 3411 19.
582 3356 775 3410 -Attractionea

187 3459 358 3542 Sequuntur
376 3463 562 3526 attractionis
582 3463 697 3545 species
713 3461 828 3537 uariae,
843 3477 917 3541 quas
930 3452 1159 3522 Graeoa'oratio

88 3543 152 3607 dum
173 3549 311 3628 neglecta
333 3549 451 3628 logicae
479 3549 641 3611 subtilitate
668 3566 803 3609 sensuum
831 3545 1007 3608 euidentiam
1031 3550 1161 3603 sectatur

87 3642 114 3695 et
133 3635 345 3697 sententiarum
361 3645 461 3716 partes
479 3635 695 3697 distinctionum
716 3632 882 3696 interuallis
898 3647 1001 3693 caesas
1017 3628 1052 3689 -in
1070 3644 1159 3688 urnam

88 3727 114 3781 et
134 3722 301 3781 continuam
322 3723 451 3803 speciem
472 3722 601 3783 oouilare
622 3721 729 3795 studet,
750 3737 806 3800 per
826 3734 925 3781 omnes
948 3713 1159 3794 grammaticae

86 3803 168 3868 locos
198 3807 320 3886 egregie
350 3807 494 3870 exooluit:
525 3807 563 3868 ob
593 3825 658 3868 eam
688 3807 782 3886 ipsam
811 3820 929 3865 eausam
956 3819 975 3864 a
1000 3799 1159 3880 Propertio

87 3908 203 3972 quoque
225 3893 397 3974 saepissime
419 3895 575 3974 expetitae.
620 3891 701 3978 luter
724 3909 797 3971 quas
817 3889 977 3961 facillima,
999 3904 1059 3965 qua
1079 3881 1159 3966 apud

86 3976 257 4041 infinitivum
285 3979 470 4041 aecusativus
498 3978 679 4060 pronominis
710 3978 869 4051 omittitur,
899 3990 963 4035 ouum
991 3973 1068 4033 idem
1097 3969 1159 4032 alio

87 4079 157 4216 qasq
191 4064 250 4213 iqqr
285 4065 317 4127 in
352 4067 508 4147 superiore
542 4063 686 4127 enuntiati
721 4063 852 4124 membro
886 4061 1002 4143 positus
1037 4057 1095 4132 sit,
1126 4060 1160 4117 ut

109 4195 119 4226 i
169 4195 179 4227 Ι
247 4194 270 4211 “

258 4263 330 4317 rouo
347 4280 391 4332 epo
410 4267 617 4328 crediderim
635 4263 735 4318 cebir
752 4264 777 4316 e't
795 4263 885 4316 sidero
902 4267 926 4316 ct
944 4273 1033 4313 omnen

292 4333 409 4387 Perre
428 4334 550 4404 Quium
565 4335 659 4389 ducere
675 4331 834 4388 carminibus
851 4359 886 4372 -
