2806 4974
152 292 156 300 Ι
198 293 273 376 184
509 306 702 367 Quaestionum
720 305 802 362 Liber
822 306 964 364 secundus.

164 496 167 500 ’
202 503 239 552 eo
266 463 440 564 argumento
469 477 605 544 reiutare
631 489 771 556 conatur,
797 477 877 560 quod
905 478 955 542 hic
982 496 1085 543 uersus
1108 478 1266 554 Ouidia-

200 580 282 636 n'em
306 587 429 653 prorsus
454 567 764 640 volubilitatem,
791 567 930 647 superior
955 564 1010 626 ille
1038 568 1266 644 grauitatem

200 657 407 738 Propertii
432 653 550 735 prodat.
594 653 652 730 Qui
680 655 707 716 si
734 651 840 715 alienis
868 650 989 713 auribus
1014 650 1081 733 plus
1105 671 1191 734 quam
1212 655 1268 715 suis

204 743 397 818 credidisset,
425 759 502 802 nunc
531 739 708 802 confidentia
736 757 791 801 sua
818 738 909 800 risum
937 737 1022 798 nobis
1052 756 1111 801 non
1139 739 1270 804 debebat.

166 837 170 842 '
203 831 279 896 Nam
297 831 374 891 baec
401 826 514 906 figura,
539 845 626 908 anam
649 824 735 898 modo
760 823 921 898 damnauit,
945 841 1090 904 quamque
1111 843 1184 888 uere
1201 827 1271 888 Pro-

204 917 369 999 pertianam
392 930 457 975 esse
479 915 574 975 bonus
595 913 646 975 ille
667 913 797 974 Batauus
818 911 912 991 probe
932 920 1138 989 persenserat,
1159 912 1272 993 saepius

203 1002 352 1065 inuenitur
374 998 452 1079 apud
476 1009 616 1072 nostrum,
639 1016 726 1079 qnam
747 997 886 1060 uniuersa
903 996 1037 1077 exempla
1057 997 1151 1072 illius,
1168 997 1204 1060 de
1218 1017 1272 1078 qna

207 1089 350 1163 diximus,
377 1075 649 1169 ἓφθημιμεροῦς,
680 1085 762 1146 caius
790 1082 888 1145 altera
908 1081 983 1144 haec
1004 1082 1100 1162 figura
1122 1102 1193 1164 pars
1213 1093 1274 1146 tan·

208 1184 269 1239 tum
291 1182 336 1236 est
361 1173 536 1253 perexigua.
578 1171 654 1232 Nam
679 1170 711 1232 in
735 1168 814 1230 libro
835 1168 850 1230 Ι
872 1169 1012 1243 uicies,
1041 1169 1070 1229 in
1091 1168 1120 1230 ll
1142 1171 1274 1233 tricies

209 1259 350 1335 octies3
378 1258 466 1320 toties
488 1257 559 1320 item
580 1256 611 1320 in
631 1256 690 1335 ill,
716 1255 749 1318 in
771 1255 812 1322 lv
834 1264 932 1318 autem
960 1257 1191 1337 septuagies
1218 1274 1275 1319 se·

208 1347 292 1412 xies
315 1344 455 1408 occurrit.

313 1447 566 1510 Pentametrorum
597 1445 676 1508 ratio
706 1443 856 1508 simillima
883 1437 1078 1521 hexametris,
1106 1463 1278 1528 quamquam

210 1533 242 1597 in
269 1533 314 1598 his
339 1534 375 1594 de
405 1533 470 1595 solo
493 1534 596 1614 priore
623 1532 807 1595 hemistichio
836 1531 952 1609 agitur,
982 1532 1065 1594 eunius
1086 1532 1162 1594 haee
1187 1534 1278 1594 forna

211 1655 254 1664 -
269 1638 317 1677 υυ
331 1652 375 1664 --
388 1651 431 1663 -
443 1649 485 1682 —.
502 1622 515 1698 h
535 1620 660 1680 omnium
680 1617 918 1698 frequentissima
937 1616 1036 1695 (tots
1056 1619 1131 1682 enim
1152 1619 1280 1698 exempla

210 1705 414 1781 inpediuntur,
443 1723 519 1785 quae
548 1714 593 1768 est
620 1704 707 1786 plus
735 1721 841 1783 quam
870 1702 1029 1765 dimidia
1057 1706 1185 1766 omnium
1212 1723 1279 1786 peu-

211 1801 402 1856 tametrornm
422 1793 525 1872 pars);
549 1809 680 1871 eaquae
701 1790 774 1851 solis
795 1789 894 1867 longis
913 1790 1100 1870 componitur
1121 1793 1279 1853 rarissimo.

212 1877 288 1942 Nam
308 1895 367 1939 non
388 1878 507 1957 saepius
526 1896 612 1958 quam
633 1876 783 1938 ducenties
805 1876 975 1956 septuagies
999 1877 1044 1937 bis
1065 1886 1157 1940 extat.
1202 1877 1280 1954 Quae

212 1972 310 2026 autem
333 1964 484 2024 contraria
505 1962 588 2038 boio,
615 1964 645 2024 in
668 1981 726 2042 qua
748 1962 881 2040 dactylos
903 1962 950 2022 bis
973 1963 1032 2023 sibi
1057 1963 1206 2043 iungitur,
1228 1979 1280 2023 una

213 2051 308 2110 minus
336 2057 380 2110 cst
404 2047 643 2129 frequentissima
665 2048 743 2125 (414
766 2048 843 2126 euim
865 2044 957 2108 adid
984 2049 1102 2110 schema
1123 2050 1197 2111 iacti
1222 2053 1283 2110 sunt

215 2135 349 2214 uersum:
374 2135 508 2195 nimirum
530 2135 578 2197 hio
598 2133 717 2215 quidem
733 2132 910 2213 pentametri
930 2143 1045 2209 nutura,
1067 2154 1146 2215 quae
1166 2151 1283 2217 respon·

216 2219 331 2283 dentem
356 2220 414 2282 sibi
442 2221 596 2301 utriusque
622 2220 797 2283 hemistichii
825 2217 987 2297 rhythmum
1011 2223 1136 2300 expetit,
1159 2219 1307 2303 quantula¹

216 2307 381 2370 robustiori
402 2304 449 2368 illi
472 2315 501 2368 et
527 2308 663 2386 graviori
685 2305 832 2368 secundae
855 2303 936 2366 sedis
957 2305 1028 2388 pedi
1053 2307 1133 2370 ultro
1157 2307 1284 2380 cesserit,

217 2392 286 2474 plus
315 2402 426 2467 tamen,
455 2411 541 2472 quem
568 2393 634 2455 sola
659 2393 788 2455 uarietas
810 2390 914 2455 ualuit.
958 2393 1096 2455 Ceterum
1122 2396 1198 2457 haec
1224 2395 1286 2474 ipsa

217 2479 352 2542 seuerior
371 2480 548 2560 pentametri
575 2479 640 2554 lex,
663 2496 739 2558 qnae
760 2478 827 2559 plus
851 2495 937 2557 qurum
959 2477 1099 2560 quattuor
1120 2480 1216 2543 modis
1239 2495 1287 2541 ua-

219 2564 295 2627 riari
319 2583 454 2627 nurneros
481 2583 538 2628 non
563 2565 723 2649 permittit,
750 2564 926 2640 uniformem
950 2565 1046 2642 magis
1067 2566 1222 2646 elegorum
1243 2579 1288 2626 so·

220 2669 289 2712 unm
319 2650 426 2728 elficit,
454 2669 540 2732 qnam
563 2653 723 2714 carminum
746 2652 944 2713 heroicorum.
987 2651 1134 2714 Caicum
1164 2650 1289 2724 accedat,

220 2745 254 2800 ut
275 2737 305 2797 in
326 2737 393 2817 ipsa
410 2748 647 2816 argumentorum
664 2737 810 2800 uarietate
830 2737 934 2797 similis
953 2743 1049 2798 tamen
1066 2738 1188 2818 qnidam
1203 2735 1289 2800 onni-

125 2880 127 2884 .
191 2849 197 2869 «s
220 2822 276 2886 bus
297 2824 443 2902 poematis
468 2825 553 2886 color
579 2826 617 2887 slt
639 2823 797 2886 obductus:
819 2839 878 2882 uon
901 2830 945 2884 est
970 2822 1190 2901 admirandum,
1215 2818 1289 2906 quod

221 2909 253 2970 iu
273 2910 329 2971 hoc
351 2927 463 2989 genere
482 2911 581 2972 rarius
602 2927 652 2972 res
671 2919 770 2987 gestas
791 2907 960 2988 adaequato
978 2928 1114 2972 uersuum
1132 2928 1206 2974 sono
1225 2925 1290 2992 per·

224 2997 309 3074 sequi
338 3005 368 3058 et
397 2995 483 3076 qnasi
514 2997 625 3059 imitari
655 2996 736 3058 licet.
786 2994 968 3074 Quamquam
994 2996 1188 3076 Propertius,
1215 2989 1290 3078 quod

224 3081 342 3162 quidem
365 3081 444 3145 iutra
464 3083 519 3144 bos
546 3081 619 3144 lines
640 3081 790 3164 praestari
815 3082 925 3160 potnit,
951 3084 1109 3162 praestitit.
1153 3085 1199 3148 Ne
1220 3081 1290 3145 enim

224 3167 291 3242 bic,
312 3175 388 3247 quac
411 3166 449 3229 de
470 3169 554 3230 uario
577 3185 730 3231 caesarum
752 3168 960 3229 sententiarum
981 3185 1037 3230 usn
1056 3168 1133 3246 dixi,
1155 3177 1291 3252 repeton,

145 3293 150 3299 -
227 3253 399 3333 quibuscum
427 3252 554 3333 duplicis
587 3249 730 3317 caesurae
763 3255 841 3316 ratio
874 3253 1022 3316 artissime
1054 3264 1099 3319 est
1129 3259 1292 3326 coniuncte,

228 3356 303 3402 neue
328 3339 435 3400 iterum
462 3340 511 3400 bic
536 3340 692 3417 colligam,
715 3357 793 3419 quae
818 3341 928 3421 passim
949 3341 1092 3420 proximis
1114 3343 1232 3423 paginis
1252 3345 1293 3400 at·

228 3423 302 3503 tigi:
324 3425 390 3504 quis
412 3441 471 3486 uon
491 3426 565 3505 ipsis
584 3424 729 3501 numeris,
750 3426 771 3486 i.
791 3442 818 3488 e.
838 3426 970 3488 caesuris
993 3435 1022 3488 et
1040 3429 1173 3491 brevium
1192 3430 1294 3504 longa·

229 3528 353 3590 rumque
373 3509 554 3588 syllabarum
576 3513 712 3584 mixtura,
727 3513 894 3592 sententias
915 3513 1042 3594 exprimi
1061 3523 1091 3578 et
1113 3516 1200 3597 quasi
1219 3509 1295 3577 auri·

230 3595 287 3659 ltus
313 3595 430 3659 infundi
456 3597 564 3662 sentiat
588 3598 634 3659 bis
656 3597 806 3661 uersibus:

369 3732 410 3783 At
427 3747 484 3786 uos
501 3735 670 3787 incertam
686 3735 857 3787 mortales
872 3734 975 3803 fauceis
991 3733 1084 3790 horem

405 3801 538 3866 Quaeritis
554 3831 590 3844 -

231 3868 296 3936 tel:

371 3955 452 4011 &aas
469 3959 630 4013 inaurati
646 3958 865 4013 celebrarunt
881 3959 974 4012 limiam
991 3975 1096 4014 cormac.

137 4142 140 4147 .
233 4085 319 4150 Alter
335 4086 412 4149 enim
429 4090 604 4168 grauitatem
620 4060 804 4156 admonentis
821 4089 1018 4172 spondeorum
1032 4090 1166 4173 pondere
1180 4083 1298 4158 simulat,

43 4193 46 4202 ·
236 4171 313 4235 alter
341 4191 536 4253 procerarum
563 4196 667 4243 uocum
697 4189 812 4242 tumore
842 4176 1027 4256 magnificum
1061 4178 1176 4259 aliquid
1208 4176 1297 4240 sonat

236 4257 350 4322 Rursus
376 4259 482 4326 leuiter
502 4265 726 4348 properantium
751 4263 933 4344 syllabarum
954 4272 1072 4344 gratam
1094 4259 1297 4347 negligentiam
