2806 4974
425 349 513 420 Caput
531 349 578 405 Vl.
614 349 656 404 De
674 349 833 408 elocutione.
1091 335 1166 412 ΤΠ
1262 401 1267 408 ,

94 535 122 590 ut
142 525 185 588 ’alr
214 523 300 590 initio
331 523 413 588 uelut
446 531 612 604 assrrrgens‘
637 524 781 587 orationis
810 523 891 586 nisus
922 523 1003 588 uirca
1033 524 1160 590 medinm

95 607 247 688 subsistat,
275 610 353 673 uode
376 621 523 690 tamqnam
544 629 564 672 a
584 612 707 690 lastigie
723 612 757 671 in
782 611 961 673 eontrarium
981 629 1083 674 uersus
1105 632 1161 695 per

95 699 232 761 devexum
261 699 376 760 alveum
397 700 508 778 impetn
529 697 581 758 snb
604 697 687 759 finem
717 715 833 776 semper
854 707 1033 776 augescente
1054 717 1160 760 excur-
1188 701 1191 710 ’

92 794 150 847 ret:
171 789 247 847 liaeo
266 785 358 862 igitur
380 801 443 844 cnm
468 785 506 846 sit
528 785 592 845 cius
610 802 713 847 sersus
735 792 854 857 nutura,
876 785 920 846 sio
939 785 1049 866 optime
1066 783 1160 848 uerba

95 882 174 936 erunt
197 871 361 944 adornata,
393 880 424 933 ut
444 871 476 931 in
497 871 631 950 priore
657 879 770 950 perte
792 880 928 932 occentus
950 889 1053 934 eorum
1073 881 1161 934 uetu-

91 958 160 1018 ralis
184 955 458 1036 oum'siugulururn,
476 954 583 1036 pedum
604 957 665 1017 ictu
685 973 775 1035 saepe
797 964 953 1036 pugnet,
978 957 1010 1019 in
1032 956 1161 1022 alteru

19 1087 20 1092 ι
92 1054 173 1124 purte
196 1045 234 1106 sit
256 1042 521 1104 consociatus.
565 1041 599 1103 Id
619 1041 698 1122 qnod
721 1051 842 1103 eatenus
858 1043 1032 1124 Propertius
1056 1045 1162 1106 obser·

91 1131 182 1204 uouit,
204 1139 237 1193 ut
257 1130 288 1190 in
308 1129 410 1190 ultima
431 1126 501 1190 sede
529 1127 695 1190 ionicum
718 1146 737 1188 ιι
756 1128 896 1190 minori
917 1129 963 1191 his
986 1131 1079 1192 solnm
1104 1129 1166 1191 ad:

92 1217 219 1292 miserit,
238 1233 351 1295 neque
380 1233 507 1296 uuquam
541 1216 599 1276 nisi
634 1214 665 1274 iu
697 1213 836 1289 Graecis,
867 1224 899 1278 ut
929 1214 975 1290 H,
1001 1219 1060 1291 34,
1088 1221 1158 1280 33.:

93 1303 206 1364 seierus
238 1300 421 1375 Acheloi,
457 1309 485 1362 et
521 1300 582 1376 Ill,
611 1303 646 1374 7,
677 1303 746 1363 49.;
782 1301 885 1364 Orruit
918 1303 1160 1381 terebintho,

94 1406 213 1468 quorum
246 1386 445 1467 exemplorum
477 1386 601 1448 alterum
634 1386 778 1464 Virgilius
811 1387 840 1448 ei
868 1386 1040 1467 praeiverat
1067 1389 1157 1467 (Aen.

93 1472 131 1549 X,
150 1471 250 1551 luit).
292 1473 379 1552 Eleg.
401 1489 472 1535 rere
490 1472 539 1547 IV,
563 1476 592 1548 7,
612 1475 678 1536 33.:
702 1470 830 1536 mereed’
850 1473 1080 1552 hyacinthos
1101 1475 1163 1540 huo

94 1577 149 1622 nou
178 1561 316 1642 pertinet.
364 1559 543 1638 Praeterea,
570 1559 629 1621 uisi
654 1558 718 1638 ipse
749 1559 922 1621 norissimus
953 1578 1006 1641 pes
1029 1579 1160 1624 mono·

94 1646 242 1730 spllubo
271 1646 419 1723 frangitur
443 1646 516 1725 (quo
540 1643 576 1706 de
600 1663 712 1722 genere
734 1663 825 1724 supro
848 1644 1003 1725 diximus),
1026 1645 1084 1710 ιΙιιο
1108 1666 1160 1712 ex·

93 1741 182 1794 trema
196 1734 290 1795 rerba
307 1731 436 1793 autumali
454 1750 570 1811 semper
586 1741 707 1793 utuntur
725 1740 838 1793 tenore.
877 1733 989 1795 Rursus
1008 1733 1159 1816 inpriore

95 1828 178 1917 purte
204 1837 307 1881 versus
341 1819 610 1898 frequentissimum
640 1835 707 1879 esse
736 1828 905 1880 accentuum
935 1822 1160 1901 repugnantiam

93 1905 147 1965 iam
172 1906 240 1966 lrino
268 1915 384 2007 sponte
396 1905 539 1982 colligas,
563 1902 640 1984 quod
664 1906 742 1966 inter
768 1907 853 1968 suut
875 1907 1062 1970 hexametros
1089 1924 1159 1969 oee-

94 2009 177 2066 suro,
205 2008 282 2071 quae
305 1983 388 2050 κατὰ
409 1983 520 2073 τρίτοι
541 1988 695 2074 τροχαῖον
718 1989 842 2066 dicitur,
867 1994 1073 2092 quinquies
1097 1989 1161 2056 tle-

19 2093 22 2100 ·
96 2079 172 2138 cies
199 2075 382 2140 solummodo
405 2078 568 2150 invenitur,
597 2075 689 2138 solam
713 2039 934 2160 ἓφθημιμερῆ
959 2079 1029 2141 item
1049 2081 1160 2160 quin·
1169 2095 1172 2117 ¹

96 2161 210 2226 ieciru
239 2173 349 2226 tautum
370 2180 473 2224 uersus
496 2163 619 2236 habent,
648 2162 831 2242 reliquorum
860 2165 986 2226 omnium
1009 2175 1159 2230 centum

95 2251 233 2328 uiginti
256 2256 442 2330 quattuor
466 2239 570 2330 {perp
559 2247 694 2332 μιμερεῖ
714 2248 804 2313 uliam
818 2252 1008 2330 praemittunt
1023 2261 1091 2336 post
1112 2271 1161 2318 sc-

94 2336 212 2398 cundum
235 2336 408 2410 elationem,
433 2335 529 2415 qualis
552 2336 626 2396 haee
648 2343 692 2397 est
712 2333 827 2414 figura.

222 2436 314 2520 licce'
304 2467 375 2521 oncis
390 2465 395 2536 Ι
410 2469 572 2535 supplexque
591 2468 662 2519 uenis
677 2463 683 2534 Ι
698 2467 759 2518 cd
749 2483 812 2519 euru
827 2437 939 2550 plurilus.

92 2594 241 2660 Iamssreru
270 2596 320 2676 qui
349 2603 462 2658 restant
485 2593 569 2679 1850
590 2593 722 2657 universi
753 2591 990 2678 πειθημιμερῆ
1012 2595 1172 2670 exhibent,
1250 2628 1252 2633 ·

94 2684 178 2762 Atqui
207 2684 237 2744 in
266 2682 312 2744 his
342 2700 430 2743 unum
461 2691 541 2742 certe
569 2680 746 2742 uocabulum
776 2679 849 2758 (nisi
880 2682 910 2742 id
940 2684 1051 2760 ipsum,
1081 2681 1162 2763 quod

94 2786 158 2830 raro
186 2769 237 2843 iit,
270 2777 315 2829 est
341 2767 589 2846 monosyllabum)
622 2768 787 2829 reluctante
819 2770 880 2830 ictu
907 2776 938 2833 ut
966 2769 1160 2848 percutiatur,

94 2857 258 2936 necessario
280 2856 421 2934 sequitur.
465 2853 593 2932 Saepius
615 2862 712 2914 tamen
733 2853 836 2933 plura,
856 2862 889 2916 ut
936 2931 941 2940 x

220 2989 277 3039 lllu
294 2987 362 3040 uelut
384 2988 482 3054 poterit
499 2982 604 3052 mapue's
619 3001 673 3038 mom
690 2986 784 3037 ducere
801 2985 910 3053 Ιιιιιιιιι.

93 3121 182 3200 Atque
207 3119 263 3182 illa
293 3118 427 3200 quidem,
456 3135 622 3201 quaecum
650 3117 852 3180 molossum
882 3115 1028 3194 efficiant,
1055 3134 1161 3182 secun-

95 3206 156 3266 dum
184 3207 331 3286 syllabam,
351 3216 458 3268 natura
477 3206 590 3268 habeut
617 3215 748 3280 acutum,
775 3205 805 3266 in
827 3206 930 3285 priore
951 3221 1052 3267 uersus
1074 3215 1161 3285 purte

98 3309 207 3374 semper
227 3296 455 3373 sioponuotur,
480 3301 510 3354 ut
532 3293 628 3372 prima
649 3300 679 3354 et
700 3301 831 3354 extrema
852 3293 933 3354 arsin
955 3289 1110 3367 suecedet,
1129 3292 1161 3354 iu

95 3381 256 3458 posteriore
279 3389 366 3460 parte
388 3389 507 3454 eontra,
529 3378 639 3440 ueluti:

229 3517 294 3568 rom
311 3515 373 3568 mit-t
393 3515 595 3567 cimetuute's
609 3511 615 3580 Ι
629 3509 758 3564 deiecit
776 3512 876 3564 luminu
892 3511 992 3578 sortus.

96 3643 175 3708 Umle
203 3645 362 3708 sieudem
393 3663 452 3707 rex
482 3643 528 3706 his
562 3643 684 3724 ponitur
708 3643 740 3704 in
767 3640 872 3703 eodem
900 3657 1005 3714 uersu,
1033 3631 1161 3720 primum
1248 3661 1250 3666 ’
1284 3641 1289 3648 ’

97 3731 165 3792 illud
189 3732 362 3795 aduersante
383 3729 415 3793 fit
443 3738 580 3807 occentu,
608 3727 716 3791 deinde
739 3728 938 3808 congruente,
963 3733 996 3788 ut
1022 3725 1054 3787 in
1079 3727 1163 3788 hisee

19 3827 21 3836 '
97 3819 239 3924 omnibus:

228 3951 320 4002 Omnia
336 3945 472 4001 uertremtrir
487 3945 492 4016 Ι
508 3953 576 4000 certe
592 3942 729 3998 cosmetor
748 3957 861 3995 umores

230 4017 375 4070 corruamus
390 4019 394 4084 Ι
409 4035 506 4068 uterum
524 4017 624 4081 toycam
641 4013 644 4080 Ι
661 4011 796 4064 coutc'uclnt
814 4019 839 4060 et
857 4016 926 4064 orte.

126 4083 129 4086 ’
232 4087 398 4138 Vobiscum
386 4096 423 4138 est
440 4088 508 4152 Iope
518 4083 522 4154 Ι
538 4083 668 4135 uobiscum
684 4081 797 4132 candidu
817 4081 896 4146 l'pro,

214 4150 344 4233 ..Α”,ιιιιιι
354 4172 475 4223 Chariclo
493 4174 588 4220 curetur
603 4166 608 4234 Ι
624 4165 733 4217 curreres
749 4165 853 4231 Apollo

226 4243 344 4294 ΙΙόιιιιιιιΙ
360 4239 519 4304 nnsortiretur
539 4236 667 4289 ιιιόιιΙΙΙιιιι
686 4235 777 4284 additu
793 4234 889 4283 ΙΙιΙιιιιι.

205 4314 297 4364 ¹Ilus
303 4311 390 4378 perdit
408 4313 519 4360 miserus
534 4305 539 4374 Ι
553 4307 600 4357 hoe
616 4303 730 4373 perdidit
749 4301 936 4368 erotepuellus.
982 4311 983 4314 ’
1021 4357 1024 4362 Ι
1073 4321 1076 4326 ·
1166 4299 1173 4308 ”

915 4390 954 4450 12
