2834 4972
403 325 493 398 Caput
510 323 558 384 Vl.
593 325 636 382 De
654 323 788 398 Propertii
807 322 953 380 amoribus.
1160 309 1215 392 37

138 493 290 579 pollebat,
320 494 452 560 nobilem
483 495 568 562 illam
595 493 714 580 puidam
741 495 835 564 inisse
864 497 995 582 puellam
1020 491 1119 576 diost.
1151 497 1208 564 sed

140 600 215 664 quae
243 583 368 664 innupta
395 581 579 648 desultoriae
603 584 714 652 Veneri
742 601 864 668 operam
893 585 984 664 dare,
1015 603 1102 667 quam
1126 583 1206 650 iusto

139 669 326 732 matrimonio
353 669 415 731 tnui
443 669 597 735 maluisset
622 669 771 751 (Paldam.
796 671 854 754 Ep.
878 671 1073 737 Dedicatoria
1098 671 1130 734 iu
1156 669 1206 737 ed.

137 753 227 836 Prop.
255 773 287 837 p.
312 752 403 834 Vll).
452 754 577 820 Scilicet
607 765 667 820 mn
698 774 764 820 eam
791 752 872 839 apud
902 767 1072 841 praetorem
1099 774 1207 822 nomen

136 858 222 990 spuup
242 849 272 905 et
289 841 989 1010 ffiaffiuffiPffiezmpf⁸⁸gpdi2⁰f3⁰⁰pfritp
996 841 1050 924 (oi.
1069 842 1207 992 hippium

136 944 1096 1010 aau.n.‚1.1r.‚..uoquam
1190 961 1207 977 ·

133 1013 240 1076 tiosum
262 1013 394 1078 babitum
422 1021 452 1078 et
477 1032 565 1095 quam
590 1013 752 1077 inauditum
778 1015 885 1092 tuerit,
910 1015 994 1080 testis
1016 1022 1062 1080 eet
1082 947 1205 1080 'lanugi-

134 1106 192 1161 tus
221 1099 344 1174 (Annal.
366 1101 411 1174 ΙΙ,
440 1101 526 1175 aab,
562 1100 613 1183 qui
641 1100 834 1168 Vistiliae
870 1101 1022 1166 cuiusdam
1056 1099 1204 1166 tanarum

133 1185 297 1265 exemplum
318 1202 438 1248 causum
458 1203 554 1250 norae
575 1185 653 1267 legis
675 1185 713 1249 ad
740 1186 893 1250 libidinem
914 1187 1089 1252 feminarum
1114 1203 1206 1252 coer·

133 1268 257 1333 cendam
283 1271 365 1336 latae
390 1271 484 1334 luisse
510 1281 624 1336 namet.
666 1272 729 1334 Nos
756 1272 846 1337 multo
874 1274 980 1336 melius
1003 1272 1147 1353 Gputbiao
1172 1281 1204 1340 ct

131 1354 283 1438 Propertii
305 1357 405 1422 lamae
428 1357 611 1422 cousuluisse
631 1357 795 1435 oredimus,
814 1359 840 1421 si
861 1358 923 1423 illis
943 1358 1074 1433 subm,
1094 1359 1203 1442 quibus

130 1440 171 1504 ad
191 1442 428 1508 misericordiam
447 1453 597 1527 permotus
614 1443 887 1508 Broulrlusius
910 1443 964 1520 (ad
981 1443 1028 1508 El.
1045 1443 1077 1521 1,
1098 1451 1129 1524 2,
1149 1449 1202 1510 17.

129 1545 161 1610 p.
182 1530 228 1609 9.)
252 1528 388 1593 assiduus
411 1530 553 1612 Gputbiae
578 1539 722 1612 patronus
748 1530 882 1610 grauiter
902 1529 1098 1612 dedignetur,
1119 1529 1203 1613 quod

129 1615 256 1678 llostiae
277 1633 385 1679 nomeu
404 1616 483 1680 inter
499 1616 648 1680 Romanos
669 1626 752 1680 rates
772 1615 900 1680 nondum
922 1617 962 1681 sit
980 1622 1141 1698 receptum,
1162 1616 1203 1680 il-

79 1697 81 1704 ‘
128 1699 168 1762 lis
191 1711 291 1766 autem
316 1703 431 1765 artibus
459 1703 487 1765 si
512 1700 582 1766 iude
602 1721 621 1766 a
639 1702 748 1784 primis
764 1703 843 1766 ritae
865 1702 950 1766 aunis
975 1700 1015 1765 ad
1039 1717 1124 1766 suum
1146 1718 1201 1768 no·

128 1788 244 1867 gotium
266 1787 437 1852 instructam
459 1805 524 1852 eam
542 1788 635 1852 tuisse
654 1805 807 1869 ponamus.
849 1785 987 1853 Saltundi
1006 1786 1083 1851 enim
1104 1783 1201 1853 artem
1301 1865 1306 1874 ¹

129 1881 160 1936 et
186 1872 283 1936 dulcis
313 1873 577 1938 citharae‘modoe
601 1890 675 1938 roca
704 1871 847 1955 sequendi
870 1876 944 1937 istas
971 1871 1112 1937 calluisse
1139 1873 1200 1937 sci·

127 1976 203 2022 mus.
255 1959 345 2024 Cuius
376 1959 496 2040 generis
529 1959 611 2041 pleui
643 1967 710 2022 suut
741 1960 844 2041 lyrici,
876 1959 958 2042 plcui
996 1959 1200 2040 elegiaoorum

125 2043 210 2108 libri.
254 2045 334 2125 Quid
354 2043 392 2108 de
410 2045 559 2123 comendi,
578 2047 610 2108 iu
632 2046 738 2134 quibus
760 2054 879 2126 gratam
897 2045 1110 2126 negligentiam
1128 2046 1199 2109 sim-

124 2130 280 2212 plicesque
301 2131 457 2195 munditias
478 2131 545 2213 plus
566 2133 702 2214 saepius,
731 2149 818 2213 quam
844 2131 1112 2213 splendidissimum
1133 2131 1199 2195 cul-

124 2227 187 2280 tum
207 2217 321 2294 ualere,
341 2219 429 2280 nimir
449 2219 525 2282 bene
546 2217 778 2284 intellexerunt?
801 2217 864 2298 (ct.
883 2218 956 2282 Hor.
981 2216 1038 2282 0d.
1054 2218 1079 2295 Ι,
1100 2217 1132 2294 b,
1149 2217 1198 2298 b.)
1302 2283 1321 2302 „

122 2303 170 2366 lle
193 2303 286 2382 igitur
305 2304 459 2381 miremur,
482 2305 508 2366 si
527 2304 558 2366 in
579 2303 652 2382 illo,
675 2303 727 2386 qui
746 2311 807 2367 tum
825 2303 938 2367 Romae
957 2303 1079 2382 rigebat
1099 2311 1130 2367 et
1149 2303 1197 2366 in·

122 2405 242 2467 gennas
263 2390 322 2452 ium
343 2391 461 2471 puellas
482 2391 641 2470 attigerat,
662 2389 823 2453 carminum
846 2389 1071 2471 pangendorum
1091 2389 1198 2452 lurore

122 2474 180 2554 (cl.
199 2475 285 2540 Orid.
305 2475 399 2539 Trist.
419 2475 478 2552 111,
498 2479 529 2552 t,
550 2479 603 2540 32.
623 2471 747 2540 Sallust.
765 2474 830 2539 Get.
852 2477 904 2541 25.
925 2474 1043 2539 Disscn.
1063 2473 1103 2538 ad
1125 2473 1195 2538 Tib.

121 2561 174 2635 lv,
194 2565 232 2638 6,
253 2566 284 2624 2.
306 2561 330 2625 Ι.
348 2562 385 2624 Η.
400 2562 488 2627 Voss.
508 2562 541 2624 iu
560 2561 753 2625 Praelatione
778 2560 819 2624 ad
845 2562 1119 2642 interpretationem
1140 2559 1196 2624 'Pi-

121 2647 199 2710 bulli
229 2646 464 2727 Germanicam),
496 2665 556 2710 uua
583 2655 635 2710 aut
663 2646 761 2711 altera
790 2648 878 2710 etiam
905 2645 947 2710 ad
975 2645 1034 2712 lroc
1064 2643 1195 2712 studium

120 2750 182 2797 nou
203 2734 270 2798 siue
290 2734 429 2816 proiectu
449 2751 483 2796 se
503 2733 670 2814 applicuit?

227 2819 300 2898 Quis
323 2821 400 2890 eninr
429 2828 491 2895 est,
519 2819 571 2901 qui
598 2816 729 2896 dubitet,
757 2821 828 2900 quin
849 2817 982 2896 Romu,
1008 2825 1069 2882 tam
1094 2814 1194 2883 disso-

119 2904 192 2969 lutis
222 2905 350 2968 omnium
373 2905 508 2969 ordinum
535 2905 684 2982 moribus,
710 2922 770 2968 nou
795 2905 889 2968 minus
918 2921 1007 2986 quam
1028 2903 1193 2969 Graecia

118 3009 191 3054 suas
212 2991 376 3068 Laidos,
398 3009 467 3054 suus
489 2990 677 3067 Thaidos,
706 3009 775 3054 suus
798 2991 925 3071 denique
944 2990 1113 3070 Pbrpnas
1138 2991 1193 3053 ba·

117 3076 236 3153 buerit,
256 3080 305 3141 rol
325 3079 395 3160 quin
416 3077 657 3141 Arbusculae
677 3077 753 3141 istae
774 3086 803 3141 et
819 3073 1032 3154 Lycoridcs
1052 3083 1082 3140 at
1102 3076 1192 3140 Gri-

118 3165 235 3244 gines
255 3165 311 3227 las
333 3174 386 3229 aut
404 3181 547 3245 superare
565 3181 599 3226 se
615 3162 806 3238 credideriut,
828 3171 880 3226 aut
899 3169 983 3225 certe
1003 3169 1037 3225 ut
1055 3161 1192 3244 exempla

116 3247 273 3330 sequenda
299 3250 359 3313 sibi
385 3249 617 3332 proposuerint?
659 3250 723 3313 Nec
751 3251 779 3312 si
808 3249 854 3310 bis
882 3248 997 3330 potius,
1027 3265 1114 3329 pam
1142 3247 1192 3309 in-

115 3335 214 3399 doctis
237 3344 267 3399 et
290 3337 410 3399 incultis
434 3332 532 3417 ineque
553 3334 623 3398 ideo
644 3337 738 3398 minus
759 3333 930 3417 impudicis,
957 3351 1060 3398 rerum
1080 3350 1190 3414 magno

115 3420 153 3484 de
177 3421 299 3485 consule
320 3423 397 3486 natis
417 3422 593 3503 Propertius
614 3422 658 3484 uti
683 3421 792 3494 uoluit,
819 3421 878 3483 boc
900 3419 947 3482 illi
970 3421 1043 3483 ritio
1069 3429 1189 3484 verten-

114 3507 185 3570 dum
206 3517 288 3584 erat,
309 3506 466 3570 dummodo
488 3506 634 3591 Aristippi
651 3507 743 3568 illud:
766 3497 829 3584 ἔχω
851 3494 910 3568 οὐκ
931 3496 1052 3584 diopros
1070 3522 1188 3569 serras-

113 3604 171 3658 set.
214 3593 285 3657 Iure
312 3595 405 3672 igitur
432 3611 486 3656 suo
502 3593 576 3669 lillis
598 3591 744 3655 Graeciae
770 3592 928 3653 luminibus
954 3593 1077 3653 amicam
1102 3588 1186 3653 suam

115 3688 272 3761 comparat
298 3680 358 3758 (ΙΙ,
378 3684 409 3744 6.
428 3679 520 3756 init).
567 3678 607 3742 Et
633 3679 660 3741 ei
687 3679 826 3760 quaeris,
852 3677 913 3740 iam
939 3677 1186 3766 antiquitusllo-

112 3783 181 3829 mae
200 3767 257 3829 bas
278 3763 450 3849 splendidas
468 3763 580 3844 figuras
601 3765 639 3826 ab
660 3765 778 3828 abiecto
798 3763 857 3827 isto
877 3762 1110 3843 prostibulorum
1130 3781 1185 3843 ge·
1243 3837 1248 3846 ¹

111 3869 186 3915 uere
221 3861 307 3916 acute
336 3852 547 3916 discreverunt.
595 3851 671 3913 Nam
699 3848 827 3912 Nonius:
861 3849 966 3925 ‚,1nter
999 3850 1184 3912 meretri-

111 3940 226 4015 cem“,
254 3939 314 4014 ait,
342 3947 400 4016 „et
425 3935 683 4020 prostibulum
710 3937 767 3998 troc
793 3937 932 3999 interest:
960 3935 1184 4000 Meretrix-bor

26 4073 27 4110 p
110 4025 253 4090 nestioris
281 4023 343 4087 loci
365 4032 426 4099 est,
455 4032 486 4087 et
514 4031 665 4104 quaestus.
707 4023 783 4086 Nam
810 4021 974 4086 meritrices
1002 4020 1183 4084 emerendo

26 4139 28 4192 p
112 4109 211 4174 dictae
241 4106 325 4186 siunt,
359 4108 437 4192 quod
469 4109 587 4190 copiam
614 4108 661 4170 sui
691 4107 891 4171 tautummodo
920 4116 1009 4170 noctu
1038 4107 1183 4169 iacerent.

26 4193 27 4240 Ι
110 4195 300 4272 Prostibula‚
335 4196 416 4276 quod
450 4204 519 4257 ante
553 4195 698 4257 stabulum
732 4203 809 4258 stent
844 4203 984 4276 quaestus
1018 4189 1118 4254 diurni
1152 4200 1183 4254 ct

110 4285 249 4349 nocturni
274 4299 378 4348 causa.
423 4281 547 4346 Plautus
570 4279 746 4344 Cistellaria
765 4281 840 4360 (leg.
855 4278 1044 4358 clitellaria,
1070 4275 1183 4340 collato
