2848 4972
433 275 649 346 Paeanann
679 275 744 342 ΕΙ..
766 278 816 358 lv,
838 276 870 344 6.
1149 287 1210 356 145

186 449 262 521 Huc
283 444 394 516 muudi
416 447 526 514 coiere
547 463 680 512 mouns:
701 447 795 513 stetit
816 463 961 533 aequore
982 448 1085 518 moles

142 571 170 616 a
229 558 434 624 Pinea:.nec
454 555 554 620 remis
577 569 686 637 aequa
705 551 844 618 favebat
867 555 953 619 avis.

186 661 303 727 Altera
326 657 447 724 classis
469 660 542 721 erat
563 654 691 720 Teucro
714 653 869 718 damnata
890 653 1036 740 Quirino,

228 762 366 846 Pilaque
387 760 529 825 feminea
551 759 689 844 turpiter
709 763 785 822 acta
807 775 918 823 manu:
999 819 1002 828 ,

184 867 273 934 Hinc
294 865 451 953 Augusta
472 863 555 927 ratis
577 859 683 946 plenis
705 856 796 924 Iovis
820 859 926 925 omine
946 861 1045 946 velis,

228 965 402 1055 Signaque
421 967 487 1030 iam
509 963 635 1049 patriae
655 962 790 1027 vincere
811 960 909 1027 docta
929 983 1022 1030 suae.

142 1082 170 1128 ro
186 1068 335 1136 Tandem
354 1068 446 1133 acies
468 1065 618 1157 geminos
636 1065 768 1129 Nereus
790 1063 921 1131 lunarat
941 1068 975 1132 in
995 1084 1106 1153 arcus,

228 1170 401 1236 Armorum
422 1173 456 1233 et
476 1165 580 1231 radiis
602 1166 690 1250 picta
709 1165 870 1231 tremebat
888 1183 986 1251 aqua,

185 1269 267 1338 Cum
287 1268 441 1335 Phoebus
463 1267 614 1352 linquens
636 1271 778 1332 stantem
801 1283 841 1332 se
861 1267 994 1336 vindica
1014 1267 1123 1340 Delon

229 1411 269 1422 —
290 1374 377 1438 Nam
395 1371 470 1437 tulit
488 1372 592 1436 iratos
612 1369 741 1435 mobilis
764 1371 952 1438 unaNotos
975 1413 1014 1425 -

184 1477 304 1544 Astitit
324 1475 470 1564 Augusti
491 1475 623 1560 puppim
644 1492 762 1560 super,
789 1479 823 1540 et
844 1492 932 1540 nova
952 1477 1082 1546 damma

142 1593 170 1638 ro
226 1579 329 1644 Luxit
348 1578 382 1642 in
404 1577 567 1662 obliquam
588 1582 640 1642 ter
661 1578 794 1642 sinuata
814 1577 931 1644 facem.

184 1683 259 1747 Non
280 1681 335 1747 ille
356 1681 512 1747 attulerat
533 1680 642 1748 crines
664 1682 698 1747 in
721 1680 807 1747 coila
827 1681 954 1749 solutos

227 1785 295 1851 Aut
317 1783 529 1850 testudineae
550 1801 682 1850 carmen
703 1786 827 1851 inerme
849 1784 954 1870 lyrae,

185 1883 257 1954 Sed
279 1886 368 1972 quali
388 1890 522 1974 aspexit
542 1886 720 1972 Pelopeum
738 1887 990 1976 Agamemnona
1010 1889 1104 1958 vulta

226 1989 433 2080 Egessitqne
455 1989 565 2057 avidis
583 1990 707 2056 Dorica
730 1996 842 2056 castra
863 1992 967 2078 rogis,
1087 1979 1089 1984 ’

139 2096 254 2162 serint
276 2095 381 2180 qualis
402 2095 507 2160 flexos
530 2093 630 2160 solvit
649 2093 803 2179 Pythona
823 2112 883 2180 par
904 2097 1004 2164 orbes

226 2193 440 2282 Serpentem,
461 2195 610 2261 imbelles
633 2213 728 2281 quem
750 2198 888 2262 timuere
908 2196 1012 2281 iprae.
1043 2251 1047 2258 .

183 2298 264 2365 Mox
285 2299 346 2363 ait:
369 2295 421 2381 „0
444 2296 544 2384 longa
564 2296 676 2362 mundi
697 2305 851 2364 servator
872 2299 914 2365 ab
936 2300 1036 2386 Alba,

226 2402 399 2488 Auguste,
421 2399 597 2465 Hectoreis
619 2402 753 2488 cognite
773 2402 875 2465 maior
896 2405 983 2484 avis,

154 2513 162 2520 '
184 2505 289 2571 Vince
311 2504 409 2568 mari:
431 2503 497 2567 iam
518 2507 609 2568 terra
630 2508 687 2567 tua
707 2491 770 2568 est.
792 2503 852 2568 tibi
872 2504 989 2570 militat
1011 2525 1120 2594 arcus,
1228 2539 1233 2552 ,

140 2621 167 2665 ro
228 2605 276 2680 Et
295 2606 389 2672 favet
411 2621 455 2670 ex
475 2603 618 2669 humeris
641 2601 703 2670 hoc
723 2623 807 2670 onus
829 2622 925 2670 omna
943 2609 1037 2674 meis.

182 2705 288 2778 Solve
309 2714 396 2772 metu
416 2707 574 2791 patriam,
595 2723 682 2792 quae
704 2725 790 2776 nunc
810 2711 846 2772 te
867 2705 1107 2779 vindicando

225 2810 384 2898 Imposuit
405 2827 524 2895 prorae
545 2809 675 2894 publica
695 2817 774 2876 vota
795 2815 884 2876 tuac.

183 2914 289 2999 Quam
309 2915 376 2980 nisi
397 2911 574 2995 defendes,
595 2931 756 2988 murorum
777 2912 936 2980 Romulus
957 2932 1067 3005 augur

223 3017 278 3083 Ire
295 3015 469 3083 Palatinas
492 3034 556 3082 nou
579 3017 663 3083 bene
683 3015 768 3083 vidit
790 3032 885 3084 aves.

84 3209 86 3216 ,
139 3137 166 3183 o
182 3119 232 3190 Et
250 3122 381 3187 nimium
401 3120 502 3186 remis
523 3117 664 3203 audent,
684 3117 766 3207 proh
785 3123 894 3206 turpe!
913 3120 1056 3204 Latinis,

205 3325 247 3378 19.
272 3319 350 3374 Nunc
365 3337 391 3375 r.
416 3336 512 3375 conara
530 3320 560 3376 V.
583 3318 690 3392 manus]
708 3323 791 3376 moiea
812 3323 850 3378 Π.
924 3325 969 3377 20.
987 3317 1055 3392 avio]
1074 3322 1147 3392 aquia
1171 3327 1203 3385 Υ.

138 3414 183 3462 21.
200 3413 291 3461 tenero
310 3408 341 3459 P.
361 3425 402 3476 ra,
424 3411 515 3461 teucro
532 3409 572 3467 Μ.
590 3403 623 3460 1).
643 3408 741 3464 Parino
759 3410 801 3463 Μ.
867 3412 910 3462 22.
928 3412 990 3476 apta
1008 3409 1046 3461 N.
1060 3424 1084 3461 r.
1100 3408 1152 3466 Ha.
1169 3427 1208 3482 ra,

139 3499 200 3548 acto
218 3495 253 3545 D.
327 3498 370 3546 2³.
390 3502 504 3558 augusta
526 3501 596 3548 ratas
618 3495 656 3548 N.
730 3499 774 3564 ²5·
795 3495 880 3549 aciem
901 3497 934 3548 G.
952 3495 989 3546 N.
1007 3496 1094 3548 1211.
1116 3495 1147 3548 V.
1165 3497 1208 3552 Μ.

139 3576 228 3631 ueram
247 3577 284 3628 N.
306 3578 347 3644 7.,
372 3576 472 3630 Linena
489 3579 530 3631 Μ.
618 3585 662 3633 26.
680 3585 708 3634 et
726 3597 777 3640 ooo.
797 3582 830 3632 o.
847 3581 885 3632 11.
962 3582 1005 3630 21.
1027 3577 1134 3644 tipnena
1153 3587 1209 3632 ota·

137 3673 195 3722 tam
217 3682 243 3719 r.
269 3665 356 3719 iudice
380 3667 416 3718 H.
438 3668 479 3720 Μ.
507 3667 588 3720 dolon
609 3684 634 3724 r.
720 3673 764 3724 28.
786 3669 857 3722 nuda
879 3667 918 3722 N.
936 3680 961 3719 r.
986 3661 1038 3716 lit.
1056 3665 1090 3716 a.
1108 3667 1144 3721 Μ.
1167 3667 1208 3735 7,,

126 3757 211 3828 'unda
230 3756 272 3820 6.,
290 3751 424 3804 iliaParr.
491 3757 534 3806 29.
552 3769 666 3820 puppem
682 3757 770 3822 R.o.‚
788 3751 896 3822 puppim
914 3753 948 3801 11.
965 3750 995 3804 V.
1006 3749 1047 3801 Μ.
1109 3749 1209 3804 3².io-

137 3841 229 3894 herme
247 3837 285 3892 N.
359 3839 401 3900 33.
421 3834 663 3903 pompeiorum.
685 3851 878 3904 agamemnona
896 3833 948 3886 Hb.
1024 3835 1067 3887 34.
1086 3833 1209 3900 Egiaaet-

141 3940 194 3993 quo
216 3921 255 3974 N.
272 3919 324 3976 Ni.
345 3937 369 3976 r.
455 3923 497 3975 35.
514 3920 600 3974 flexor
616 3938 640 3975 r.
666 3921 803 3990 pypthona
824 3923 873 3989 (ἢ,
889 3917 997 3986 phitona
1013 3934 1037 3970 r.
1051 3917 1118 3984 nt„
1136 3918 1209 3986 pito·

137 4012 215 4066 ΜΡ.
288 4014 345 4065 aa.
363 4005 429 4076 iam]
448 4022 507 4059 uam
526 4008 566 4060 Μ.
593 4005 654 4075 tibi]
673 4006 739 4060 mihi
759 4009 790 4059 G.
813 4008 844 4062 V.
925 4004 968 4058 40.
986 4005 1076 4071 omne]
1097 4019 1155 4056 eaeo
1176 4001 1208 4053 7.

134 4099 179 4152 41.
201 4095 290 4151 indica
313 4095 352 4147 Ν.
439 4095 482 4150 ta.
499 4092 575 4163 tuac]
599 4109 664 4148 auae
684 4096 715 4151 7.
800 4094 843 4148 43.
864 4091 941 4147 Quae
966 4104 991 4144 r.
1020 4085 1085 4140 nrihi
1113 4085 1209 4138 deseo-

135 4184 202 4254 depp
222 4184 255 4236 a.
340 4183 385 4236 44.
404 4179 517 4235 trono.
604 4183 647 4236 io.
664 4179 707 4234 En
725 4179 758 4232 P.
778 4194 862 4248 propa
885 4191 973 4230 omnes
996 4178 1104 4242 praem
1127 4171 1206 4224 Pero.

134 4271 177 4338 pai
199 4284 258 4338 pro.

176 4357 217 4422 ll.
579 4365 580 4370 ’
961 4348 1001 4410 10
