2822 4976
521 304 736 408 rcoruerrr
754 333 819 404 uu.
838 331 887 414 ιι,
904 327 960 398 2⁵.

705 569 817 651 XXV.

280 730 407 819 Unice
425 751 505 813 nuto
525 729 597 812 meo
620 741 838 830 pulcherrima
859 729 941 806 curb
962 735 1077 822 dolori,

324 850 483 919 Excludit
505 851 656 936 quoniam
678 865 753 912 sors
776 861 849 909 meo
873 863 973 907 suurn
997 861 1085 906 usur.

282 957 354 1024 [stu
376 959 458 1022 meis
480 955 538 1020 fiet
558 953 731 1018 notissima
751 949 856 1014 formo
877 941 1009 1020 libellis,

326 1059 432 1127 Cuive
453 1065 510 1124 tuo
531 1058 648 1136 verriu,
670 1071 755 1139 poce
775 1049 904 1117 Catulle
926 1054 992 1113 tua.

253 1165 383 1230 oMiies
405 1161 566 1246 depositis
589 1176 734 1224 annosus
757 1153 897 1219 secubat
916 1150 1028 1229 armis,
1148 1225 1150 1232 Ι

328 1264 586 1348 Grurrduevique
608 1265 732 1347 negent
754 1256 876 1322 ducere
898 1259 1008 1320 aratra
1031 1251 1148 1332 boves,

261 1376 264 1383 “
285 1371 396 1436 Putris
419 1375 453 1435 et
473 1370 507 1433 in
527 1383 636 1432 vacuo
658 1362 837 1448 requiescit
858 1359 956 1424 novis
979 1373 1092 1434 arena,

330 1473 378 1540 Et
397 1479 497 1538 vetus
516 1473 549 1536 in
572 1467 692 1554 templo
715 1465 833 1531 bellice
853 1477 966 1548 parma
988 1464 1104 1522 vocet:

291 1576 338 1642 At
360 1571 413 1639 rue
434 1574 474 1639 ub
499 1553 610 1637 umore
631 1577 688 1635 tuo
711 1565 854 1631 deducet
873 1561 961 1630 nulio
983 1562 1153 1639 senectus

249 1694 275 1737 ¹⁰
337 1677 421 1744 Sive
444 1695 507 1764 ego
529 1673 689 1740 Tithonus
709 1673 784 1735 sive
808 1686 871 1754 ego
892 1667 1017 1731 Nestor
1038 1680 1109 1728 ero.

292 1783 411 1849 Nonne
431 1780 493 1845 iuit
513 1781 620 1862 setius
644 1774 725 1840 duro
747 1773 878 1840 servire
898 1774 1038 1852 tyranno

336 1880 383 1948 Et
402 1896 539 1970 gemere
560 1881 593 1943 in
615 1884 727 1957 tauro,
750 1889 855 1938 sueve
875 1867 1014 1948 Perille,
1035 1872 1103 1946 tuo,

295 1983 462 2072 Gorgonis
485 1989 518 2050 et
539 1983 647 2047 sotius
669 1980 731 2044 fuit
750 1973 971 2042 obdurescere
991 1967 1095 2050 rubo,

338 2086 525 2152 Caucasias
546 2086 645 2149 etium
668 2083 698 2147 si
721 2085 908 2166 pateremur
930 2065 1037 2137 oves?

254 2201 280 2246 1⁵
298 2187 371 2282 Sed
392 2194 501 2252 tamen
525 2187 695 2252 obsistam.
722 2183 840 2248 teritur
860 2178 1012 2262 rubigine
1034 2189 1143 2238 mucro

339 2293 483 2356 Ferreus
506 2296 541 2355 et
564 2306 666 2378 parvo
689 2303 794 2371 saepe
814 2284 942 2368 liquore
965 2279 1069 2344 silex:

301 2395 454 2464 Atouria
477 2393 627 2459 dominae
648 2393 764 2457 teritur
787 2387 977 2453 sublimine
999 2400 1106 2463 cruor,
1129 2378 1185 2465 qui

345 2498 468 2563 Restat
489 2501 522 2560 et
542 2495 703 2560 immerite
724 2490 869 2555 sustinet
889 2502 969 2550 oure
992 2485 1107 2547 minus,

303 2597 397 2666 Ultro
419 2601 625 2680 contemptus
647 2596 761 2680 roget,
785 2596 819 2654 et
840 2601 1004 2674 peccasse
1025 2585 1147 2648 tutetur

149 2689 154 2697 ’
262 2713 289 2756 ²⁰
348 2701 499 2781 Laesus,
522 2704 555 2764 et
578 2697 691 2761 invitis
712 2697 787 2780 ipse
806 2689 895 2758 redit
915 2687 1065 2774 pedibus,

309 2806 359 2871 Tu
380 2821 527 2891 quoque,
549 2803 605 2887 qui
629 2801 723 2884 pleno
744 2795 853 2862 iustus
874 2791 1018 2858 assumis
1040 2804 1163 2870 umore,

354 2905 511 2986 Credule,
532 2903 620 2969 nullu
643 2901 697 2967 diu
719 2900 840 2965 femina
861 2893 990 2982 pondus
1013 2891 1123 2957 hebet.

313 3007 367 3075 An
390 3009 563 3093 quisquam
584 3007 619 3070 in
641 3001 759 3092 rpediis
781 2991 941 3087 persolvit
961 3002 1041 3060 voto
1062 2990 1227 3078 procellis,

357 3110 438 3176 Cum
460 3127 563 3194 suepe
583 3110 618 3173 in
638 3112 734 3194 portu
756 3105 863 3169 fructa
885 3100 997 3166 carino
1019 3090 1136 3161 notet?

271 3230 298 3276 ro
315 3213 386 3281 Aut
408 3215 499 3300 prius
520 3213 642 3279 infecto
665 3209 818 3296 deposcit
839 3205 985 3292 praemio
1006 3217 1117 3284 cursu,

344 3449 429 3516 XXV,
450 3456 475 3504 1.
494 3449 586 3504 dolore
602 3454 639 3508 H.
706 3455 733 3508 2.
752 3445 889 3519 quoniam]
908 3461 978 3516 quae
996 3459 1040 3497 mo
1058 3443 1135 3495 Porr.
1159 3439 1234 3496 veuit
1247 3443 1280 3493 N.
1296 3435 1333 3491 oui

172 3541 176 3558 ¹
279 3533 418 3588 obresat.
503 3537 529 3588 3.
546 3532 649 3586 labellis
666 3537 710 3586 M.
794 3535 822 3587 4.
840 3535 927 3584 catule
942 3528 996 3583 Hb.
1080 3529 1106 3580 5.
1126 3525 1233 3578 annosis
1251 3541 1290 3592 pr.
1306 3541 1334 3576 ur.
1401 3581 1402 3590 p

280 3625 317 3674 Ν.
339 3621 370 3673 V.
445 3623 471 3674 8.
491 3621 577 3686 patrna
594 3622 629 3672 R.
644 3623 680 3673 H.
699 3620 729 3676 V.
748 3620 813 3686 „uel
830 3613 948 3686 parma“
968 3617 999 3671 P.
1074 3617 1118 3676 12.
1135 3627 1213 3664 sevae
1233 3613 1278 3678 6.,
1303 3626 1337 3662 so-

282 3723 316 3774 pe
330 3712 375 3774 N..
393 3721 473 3772 saepo
485 3709 518 3760 R.
529 3705 581 3759 Hb.
595 3709 625 3760 V.
634 3713 677 3760 M.
698 3709 798 3778 peryiie
813 3722 850 3773 ru,
868 3703 962 3773 perille
975 3704 1019 3769 6.,
1038 3700 1148 3768 peritiae
1165 3700 1197 3751 6.
1251 3704 1290 3752 13.
1306 3697 1339 3748 iu·

283 3791 424 3842 duresoere
450 3792 483 3842 6.
573 3795 614 3845 14.
640 3792 788 3844 Caucasea·
813 3792 863 3858 6.,
891 3788 1039 3840 cavicasoas
1063 3787 1098 3840 N.
1130 3790 1280 3850 potaremur
1297 3780 1342 3836 Hi.

286 3875 328 3928 1⁵.
345 3871 444 3940 tamen]
463 3889 516 3925 nou
536 3876 569 3928 6.
584 3875 696 3926 obsitam
714 3877 767 3942 6.,
788 3872 874 3926 obsita
894 3873 942 3938 6.,
965 3873 1075 3922 obseura
1094 3885 1136 3934 ιι,
1161 3869 1195 3918 ob
1213 3867 1291 3919 situm
1308 3859 1345 3932 it',

287 3957 402 4010 obsitam
419 3961 473 4025 M..
498 3959 625 4012 obsistam
643 3963 680 4012 H.
702 3961 733 4012 V.
758 3960 857 4024 tegitur
876 3959 908 4013 G.
925 3955 978 4010 Hb.
995 3959 1033 4008 H.
1104 3955 1247 4010 roncore
1267 3953 1300 4007 6.
1315 3955 1347 4002 ii.

288 4048 331 4097 17.
350 4042 484 4112 dominae]
505 4045 538 4095 de
555 4061 597 4097 me
615 4047 646 4102 6,
656 4049 694 4102 H.
711 4047 741 4098 V.
762 4043 904 4097 sublimine
920 4044 972 4108 N..
989 4043 1039 4094 sub
1057 4040 1157 4092 iumine
1176 4042 1214 4091 H.
1234 4040 1277 4104 V.‚
1295 4037 1351 4090 sub⁴

287 4125 437 4184 lumiueG.
507 4133 549 4184 18.
566 4131 620 4186 Qui
636 4136 719 4186 restat
735 4132 768 4184 6.
786 4128 814 4182 in
832 4129 927 4182 merite
940 4133 977 4181 Ν.
994 4127 1127 4180 substiuet
1143 4127 1176 4179 G.
1238 4131 1279 4180 19.
1297 4139 1352 4174 con·

288 4217 378 4264 cintus
397 4213 432 4266 6.
517 4219 561 4270 20.
577 4216 681 4270 invictis
699 4219 734 4268 R.
758 4231 839 4282 saepe
859 4215 893 4268 6.
981 4219 1024 4267 21.
1046 4215 1140 4280 plenos
1164 4212 1212 4264 sed
1229 4209 1318 4262 obrue
1335 4224 1353 4257 s.

291 4297 404 4352 sasemis
420 4298 458 4353 N.
512 4305 555 4376 22.
573 4301 689 4354 Credula
707 4304 742 4359 R.
760 4297 979 4368 M.pr.m.11t.
1031 4300 1074 4353 2⁵.
1094 4299 1135 4350 An
1156 4297 1188 4349 G.
1202 4300 1251 4365 IL,
1267 4294 1302 4346 At
1320 4295 1354 4345 Μ.
