2834 4972
199 269 251 350 56
516 281 709 344 Quaestionum
726 280 810 336 Liber
829 281 971 336 secundus.

208 453 359 521 desiderio
388 465 501 534 motos,
532 455 620 519 modo
648 461 837 538 praesentem
865 471 965 516 rerum
993 451 1200 518 Romanarum
1226 469 1289 515 ma-

206 545 341 606 iestatem
363 543 562 617 admirantes,
582 543 703 605 lecturis
723 547 908 622 proponunt,
936 557 974 602 ne
995 540 1068 602 huic
1090 538 1212 620 quidem
1234 555 1288 616 ge-

207 630 274 692 neri
303 639 354 694 aut
383 628 511 709 elegiaci
536 627 660 691 distichi
686 645 756 689 naus
785 634 837 688 aut
864 624 982 704 elegiae
1009 643 1118 690 nomen
1142 625 1287 687 absonum

207 715 307 778 luerit.
351 715 454 796 Neque
482 717 525 779 ita
551 715 650 794 inepte
679 714 745 793 quis
766 712 1001 776 Romanensibus
1029 729 1068 774 ea
1095 711 1289 787 carminibus,

209 801 315 885 quibus
335 802 481 885 Hispania
501 800 646 864 interiore
668 807 767 864 aetate
788 797 938 875 excelluit,
958 799 1055 885 possit
1076 813 1267 882 comparere.

578 1047 770 1135 eaput
803 1049 909 1120 ΙΙΙ.

210 1205 386 1273 dependam
403 1207 587 1275 Propertii
609 1208 819 1274 reliquorum
841 1209 1027 1270 pectorum
1044 1202 1300 1272 Romanorum,

265 1276 321 1343 qul
343 1277 379 1328 in
403 1277 663 1344 eodem.perrere
690 1274 945 1338 excelluerunt,
971 1274 1237 1340 comparatione

634 1348 856 1395 aestimetur.

210 1467 268 1537 (Ol.
286 1469 327 1522 De
351 1475 488 1538 poetarum
508 1470 685 1536 elegiacorum
710 1467 779 1536 epod
798 1469 932 1520 Romanos
955 1467 1104 1536 principum
1128 1467 1240 1534 ingenio
1260 1474 1288 1523 et

245 1545 313 1607 arte,
334 1539 501 1592 Halberstarl.
522 1543 597 1594 1⁸42.
614 1542 640 1592 d.
658 1555 684 1607 p.
697 1541 722 1592 5.
735 1543 777 1594 10.
795 1537 1008 1590 dissertationem
1025 1537 1127 1589 libellis
1145 1538 1287 1590 scholasti·

243 1608 280 1660 cis
299 1607 493 1676 praemissam.)

279 1717 291 1760 ἵ
314 1722 397 1801 Quae
426 1723 589 1788 causacio
617 1722 783 1785 universnm
811 1721 928 1800 elegiae
957 1719 1036 1800 apud
1057 1721 1212 1786 Romanos
1235 1741 1286 1787 ex·

212 1806 356 1872 colendae
389 1809 533 1883 facerint,
564 1807 698 1873 uidimus.
748 1809 810 1870 lam
836 1825 908 1870 nero
938 1808 1090 1887 quoniam,
1119 1810 1191 1891 quid
1220 1811 1285 1872 uni·

211 1895 319 1973 cuique
341 1895 493 1975 proprium
514 1896 569 1972 sit,
589 1896 632 1957 sic
651 1895 763 1958 demum
785 1901 866 1956 recte
888 1893 1079 1972 intelligitur,
1102 1897 1128 1957 si
1149 1912 1208 1975 qno
1231 1897 1285 1958 alii

213 1977 353 2043 differant
375 1982 552 2060 explicetur,
581 1982 760 2062 praecipuos
784 1979 901 2058 elegiae
923 1981 1101 2060 scriptores,
1131 1984 1182 2061 qui
1205 1981 1284 2063 apud

210 2064 361 2129 Romanos
388 2066 436 2129 rel
465 2067 554 2146 paulo
582 2076 650 2129 ente
671 2066 720 2129 rel
745 2065 832 2127 simol
854 2082 917 2126 cum
935 2065 1094 2148 Propertio
1117 2068 1286 2143 floruerint,

211 2166 369 2214 recensere
396 2151 474 2214 baud
502 2169 713 2234 supervacuum
741 2150 868 2213 ridetur.
919 2151 1045 2228 Quare
1075 2169 1137 2232 qno
1162 2154 1285 2217 brevius

210 2236 298 2298 nobis
327 2237 385 2299 iam
412 2233 533 2316 defungi
562 2239 684 2314 liceret,
710 2236 831 2301 libellus
857 2235 888 2298 iu
916 2236 1014 2300 fronte
1041 2240 1155 2318 capitis
1180 2241 1287 2303 citatus

212 2319 326 2397 effecit,
355 2339 412 2403 quc
435 2323 590 2401 sigillatim
611 2315 707 2406 nupcr'
726 2323 848 2386 eundem
871 2321 966 2384 locrrm
993 2325 1195 2388 tractavimus.
1237 2325 1283 2387 Ad

211 2407 290 2469 bano
318 2409 424 2487 igitur,
453 2410 480 2471 si
508 2429 567 2490 qua
594 2410 722 2490 receptis
749 2409 874 2472 maxime
896 2408 1084 2490 opinionibus
1112 2409 1284 2494 discrepare

210 2492 389 2568 rideantur,
409 2493 552 2557 lectorem
577 2495 701 2558 subinde
723 2494 943 2574 ablegabimus,
956 2495 1048 2557 ‘unde
1070 2499 1284 2560 sententiarum

211 2589 378 2644 nostrornm
397 2580 495 2643 fontes
516 2589 640 2663 repetat.
683 2581 717 2643 ln
734 2580 856 2644 Tibullo
878 2597 948 2643 rerc
970 2580 1009 2642 ad
1030 2580 1135 2645 doctas
1152 2583 1284 2647 Dissenii

212 2665 434 2728 observationes
455 2666 548 2729 semel
567 2684 747 2749 provocasse
770 2667 842 2730 satis
865 2675 939 2730 erat.
982 2667 1086 2747 Neque
1108 2670 1186 2732 enim
1207 2685 1282 2732 nunc

211 2749 244 2812 id
267 2750 303 2813 de
325 2751 473 2815 industria
494 2753 624 2831 agimus,
646 2763 678 2817 ut
700 2771 799 2816 omncs
820 2760 924 2833 poetas
943 2751 1143 2817 Rornanorum
1166 2756 1282 2835 elegia·

212 2849 264 2984 ll„
297 2838 539 2918 interpretemur,
571 2837 626 2904 sed
654 2848 687 2905 ut
712 2839 899 2925 Propertium
927 2854 1028 2902 eorum
1058 2844 1282 2925 comparatione

208 2921 399 2988 lustremus.
468 2949 471 2963 .

314 3026 418 3108 ltaque
440 3027 472 3091 in
494 3025 652 3092 Catullo
675 3036 767 3093 artem
790 3029 938 3092 etiamtum
957 3025 1110 3092 horridam
1130 3038 1161 3093 et
1186 3027 1282 3092 incul-

211 3119 271 3174 tam
291 3113 322 3174 in
347 3115 429 3176 conis
458 3114 673 3194 quodammodo
694 3103 805 3194 lvagire
833 3115 976 3178 andimus.
1017 3113 1092 3178 llam
1120 3131 1185 3178 cum
1214 3132 1282 3176 sen·

210 3198 369 3261 tertiarum
398 3216 456 3262 non
488 3216 560 3263 raro
591 3200 767 3264 auctoritare
796 3209 832 3265 et
859 3201 987 3276 robore,
1017 3199 1164 3262 interdum
1192 3200 1281 3263 etiam

210 3285 356 3347 enaritate
382 3286 430 3347 rel
459 3285 536 3348 adco
562 3286 661 3347 nativo
684 3284 936 3368 quodamlepore
958 3288 1132 3366 conspicuus
1155 3287 1209 3361 sit,
1235 3293 1281 3348 ta-

210 3385 275 3430 men
296 3371 396 3450 prisca
416 3371 472 3433 illu
491 3370 675 3452 simplicitas,
695 3388 753 3435 nun
772 3373 857 3435 nimis
877 3372 1003 3450 integris
1023 3372 1164 3449 moribus,
1187 3385 1279 3451 saepe
1383 3425 1384 3428 ,

209 3453 342 3518 insolens
363 3453 480 3520 ridetur
501 3465 530 3520 et
557 3457 740 3533 subrustice,
767 3457 1032 3539 salcspetulantes
1053 3457 1152 3540 potius
1175 3465 1205 3520 et
1224 3456 1279 3516 im-

210 3541 299 3621 probi
329 3557 414 3621 quam
442 3541 550 3604 urbani
580 3551 609 3605 et
636 3542 728 3606 faceti
751 3543 803 3623 (cf.
825 3544 846 3606 l.
864 3543 885 3606 l.
908 3562 938 3624 p.
960 3547 991 3607 6.
1014 3562 1043 3605 n.
1066 3542 1122 3621 l.).
1165 3543 1278 3608 Versus

210 3625 318 3690 deinde
337 3628 368 3689 iu
391 3626 498 3708 elegiis
517 3625 671 3704 inconditi,
690 3629 782 3692 binlci
802 3627 889 3708 (ibid.
909 3648 937 3691 n.
952 3627 997 3706 2.)
1019 3629 1113 3691 inciso
1133 3627 1277 3709 quodam-

209 3709 297 3774 modo
319 3712 433 3796 poplite
455 3721 483 3776 et
504 3712 598 3776 tardis
618 3711 744 3795 pedibus
764 3713 941 3788 claudicant,
962 3713 1100 3778 ambitum
1120 3714 1277 3776 verborum

209 3795 402 3861 reluctantem
423 3807 571 3880 tamquam
591 3799 698 3862 molem
719 3800 848 3883 aliquam
866 3795 1026 3864 uoluentes.
1068 3799 1173 3880 Itaque
1193 3799 1278 3879 ipsae

210 3883 429 3965 complexiones
464 3885 540 3947 male
574 3886 751 3950 articulatae
784 3886 959 3966 minimeque
993 3885 1146 3966 elegorum
1180 3881 1276 3946 modis

209 3967 379 4051 adaptatae.
421 3969 516 4034 Modo
538 3972 614 4034 enim
641 3972 801 4036 sententias
828 3988 884 4053 per
910 3971 1046 4033 sinuosos
1066 3983 1203 4034 rersnnm
1224 3984 1277 4030 an·

208 4053 320 4118 tractus
340 4056 448 4120 inritas
467 4057 602 4132 trabunt,
623 4056 711 4122 mode
732 4057 763 4119 iu
781 4056 885 4120 mediis
906 4057 1097 4140 pentametris
1115 4056 1278 4119 subsisten-

208 4148 254 4205 tes
288 4158 475 4206 numerornm
500 4143 559 4207 rim
588 4141 728 4224 frangant
757 4140 979 4223 (thiana).
1028 4143 1192 4224 Dispositio
1225 4142 1278 4201 aut
1333 4151 1342 4192 a

205 4225 290 4292 nulls
311 4236 362 4293 sut
386 4228 489 4295 mirum
514 4229 546 4294 in
569 4226 686 4294 modum
713 4227 924 4322 iniquetibid.
946 4247 977 4294 n.
998 4229 1063 4308 4.),
1092 4236 1138 4294 est
1159 4221 1277 4340 maudo
