2834 4972
195 341 244 416 14
515 345 709 410 Quaestionum
726 342 808 402 Libet
823 342 935 416 primus.

194 527 351 594 existimat
393 480 575 608 Quanquam
589 523 732 590 maiorem
743 519 809 589 ueri
821 518 951 604 speciem
967 532 1006 586 ea
1018 515 1067 586 bl
1079 516 1130 599 Ν,
1142 521 1172 600 1,
1186 519 1262 584 131.

193 624 363 693 traxerunt,
382 614 434 676 ubi
453 611 628 694 Propertius

278 749 361 816 Mau,
378 745 478 818 inquit,
494 743 539 801 ebt
556 743 628 799 boile
643 744 704 800 rudi
721 743 830 826 diesim
847 746 887 796 est
902 726 1152 796 wesenbecca.

193 864 327 946 Namque
349 881 450 927 omues
476 864 527 930 bic
546 864 723 946 interpretes
743 862 775 926 in
795 879 831 926 eo
851 859 1113 942 conspirauerunt,
1138 865 1172 924 ut
1193 877 1262 924 eu-

194 969 294 1018 ream
312 951 459 1014 bullam
481 952 627 1033 equestris
646 949 761 1014 ordinis
781 948 899 1028 insigne
922 947 1070 1023 dicerent,
1091 947 1262 1010 testimonio

193 1037 376 1120 potissimum
396 1035 487 1108 Plinii
509 1038 569 1112 usi,
597 1036 647 1119 qui
670 1037 720 1112 (Ν.
740 1035 777 1100 Η.
799 1033 941 1110 XXXIII,
962 1035 1009 1112 4.)
1031 1031 1102 1096 iude
1120 1051 1141 1096 a
1156 1032 1261 1098 Prisco

195 1123 361 1204 Tarquinio
382 1140 493 1186 morem
515 1124 615 1186 bullae
637 1121 760 1186 durasse
782 1120 840 1197 ait,
867 1127 923 1198 „ut
949 1135 1066 1196 eorum,
1088 1120 1139 1201 qui
1164 1136 1260 1200 equo

195 1210 428 1273 meruissent
447 1208 518 1286 tilii,
542 1209 660 1292 insigne
680 1208 712 1271 id
732 1206 890 1284 inherent,
917 1205 1010 1272 ceteri
1028 1205 1157 1270 lorum.“
1198 1204 1262 1270 Sed

195 1297 295 1360 obstat
326 1295 442 1358 testium
470 1313 607 1359 numerus
623 1291 717 1378 ¹lisand
752 1293 934 1376 spernendus
962 1288 1081 1369 (Restm
1103 1310 1128 1356 s.
1148 1309 1176 1356 u.
1193 1309 1262 1354 uu-

196 1399 297 1445 ream
325 1379 477 1444 bullam.
523 1380 625 1446 Aurei.
646 1381 757 1448 Victor.
787 1377 825 1443 de
849 1379 922 1444 uirr.
941 1376 987 1442 ill.
1010 1393 1036 1442 c.
1059 1380 1090 1442 0.
1118 1377 1260 1443 Macrob.

196 1467 318 1532 Saturn.
335 1467 365 1542 1,
387 1467 450 1546 0.),
479 1468 530 1549 qui
556 1483 707 1530 commune
735 1463 767 1529 id
797 1465 925 1529 omnium
944 1462 1141 1546 ingenuorum
1170 1481 1262 1526 orua-

195 1564 320 1617 mentum
349 1552 442 1616 luisse
468 1552 646 1633 significant.
693 1550 970 1617 Luculentissimuru
996 1559 1094 1616 autern
1118 1549 1262 1632 imprimis

196 1640 409 1714 testimouium,
430 1653 488 1720 quo
512 1639 604 1702 omnis
623 1638 663 1702 iis
685 1636 857 1714 dirimatur,
882 1636 962 1718 apud
983 1635 1159 1701 Ciceronem
1179 1642 1262 1700 extat

197 1727 276 1805 (Act.
297 1726 337 1788 11.
358 1727 389 1788 iu
406 1725 492 1790 Verr.
514 1723 538 1802 1,
559 1741 585 1789 c.
603 1725 688 1806 08),
710 1726 762 1807 qui
783 1726 933 1806 praeturis
953 1723 1110 1789 scantiam
1131 1730 1164 1786 ut
1184 1740 1264 1786 suur-

195 1828 273 1874 mam
295 1809 491 1890 demonstret,
515 1809 599 1875 lunio
627 1811 746 1876 Rabirii
771 1811 903 1892 pupillo,
928 1808 964 1875 P.
983 1809 1061 1874 Iunii
1082 1808 1121 1873 de
1145 1807 1263 1890 plebe

195 1897 332 1962 Romana
351 1897 477 1960 hominis
505 1896 583 1974 lilio,
610 1897 721 1960 bullam
749 1904 1029 1974 „ornamentum
1055 1894 1265 1976 pueritiae,

196 1983 379 2046 indicium
407 1992 496 2064 atque
524 1983 681 2064 insigne
715 1981 922 2047 fortunae“
951 1979 990 2045 ab
1017 1982 1076 2045 isto
1108 1982 1264 2063 praedone

196 2077 328 2150 ereptam
342 2086 408 2132 esse
420 2068 563 2150 queritur.
604 2068 652 2133 Ad
664 2087 750 2151 quem
768 2068 866 2132 locum
880 2069 1042 2133 Asconius:
1063 2065 1177 2143 „Simul
1198 2085 1263 2132 cum

195 2162 352 2238 praetexta
375 2155 463 2218 etiarn
484 2154 569 2218 bulla
588 2155 730 2237 suspendi
754 2155 785 2218 in
807 2156 887 2218 collo
911 2154 1129 2218 iurantibus
1150 2153 1264 2234 inge-

196 2241 285 2303 nuis
315 2241 393 2304 solet
420 2259 555 2318 aurea,
581 2240 728 2306 libertinis
756 2242 893 2305 scortea“
922 2250 990 2305 cett.
1040 2239 1117 2318 Quid
1147 2238 1280 2319 igituri'

195 2325 361 2391 Pliniumue
374 2326 445 2389 falsi
458 2329 650 2392 accusemus?
669 2327 793 2391 Minime
806 2344 889 2391 uero.
928 2327 1061 2408 Namque
1074 2344 1156 2388 usura
1168 2325 1265 2404 illum,

199 2429 258 2494 quo
279 2411 334 2475 ilii
362 2431 479 2490 eorum,
508 2415 558 2496 qui
589 2430 665 2496 equo
693 2413 885 2490 meruissent,
910 2412 995 2476 bulla
1024 2411 1127 2480 donati
1154 2421 1265 2490 esseut,

199 2497 362 2562 durasse
389 2499 522 2581 quidem,
548 2517 644 2582 neque
672 2508 770 2566 tanen
799 2498 839 2562 ad
864 2517 930 2562 sua
950 2508 1118 2581 tempora
1139 2495 1265 2562 durasse

197 2585 258 2660 ait,
283 2602 381 2667 neque
407 2586 460 2648 ubi
486 2584 588 2665 paullo
614 2584 695 2650 iufra
715 2585 753 2650 de
774 2586 942 2667 insignibus
971 2585 1115 2666 equestris
1142 2583 1267 2663 ordinis,

199 2670 301 2751 qualia
323 2688 376 2734 suo
398 2679 530 2752 tenpore
550 2671 676 2747 fuerint,
696 2671 843 2754 loquitur,
869 2671 981 2736 bullam
1003 2678 1212 2735 commemorat
1233 2680 1264 2736 et

199 2755 318 2820 disertis
344 2766 503 2840 practerea
527 2759 627 2821 uerbis
652 2758 745 2840 longe
773 2758 862 2820 eliens
888 2765 948 2820 tum
969 2757 1063 2820 inisse
1083 2757 1212 2838 equitum
1235 2765 1266 2821 et

197 2843 345 2906 rationem
368 2852 397 2907 et
416 2843 614 2908 conditionem
635 2851 724 2926 atque
747 2844 899 2927 prioribus
921 2841 1105 2924 reipublicae
1124 2844 1266 2924 tempori·
1385 2896 1388 2904 ,

197 2929 254 2991 bus
283 2931 413 3011 exponit
454 2931 559 3011 Neque
587 2941 668 2993 certo
691 2938 751 3006 est,
778 2930 829 3012 qui
855 2938 923 3011 post
943 2929 1137 2992 Niebubrium
1156 2928 1206 3007 (11.
1226 2929 1265 2993 R.

198 3011 223 3090 1,
243 3034 272 3096 p.
289 3019 364 3081 480.
387 3034 431 3097 sq.
453 3019 527 3080 449.
550 3035 593 3096 sq.
617 3015 664 3078 ed.
685 3015 737 3079 ill.
758 3034 788 3097 p.
809 3014 883 3079 450.
904 3019 978 3079 410.
999 3014 1045 3078 ed.
1067 3013 1119 3093 11.)
1142 3013 1267 3091 dubitet,

95 3117 98 3131 ⁴
199 3102 270 3181 quin
289 3101 458 3182 duplicatae
478 3121 498 3164 a
516 3103 680 3182 Tarquinio
701 3100 805 3164 Prisco
834 3099 964 3182 equiturn
990 3102 1141 3164 centuriae
1163 3117 1265 3164 omnes

199 3187 302 3266 optirui
321 3187 397 3252 iuris
416 3186 560 3265 ingenuos
572 3187 721 3250 Romanos
738 3187 944 3251 continuerint.
985 3187 1048 3250 ilos
1065 3199 1163 3251 auteur
1183 3195 1267 3270 post-

199 3289 287 3354 quam
310 3289 374 3336 cunr
394 3273 485 3355 plebe
513 3274 559 3335 sui
586 3274 660 3336 iuris
682 3273 764 3336 iacta
786 3290 886 3336 omues
912 3273 1042 3337 bonores
1069 3275 1267 3336 communica·

197 3359 315 3437 serint,
339 3358 410 3440 quid
435 3358 522 3420 etiam
545 3375 704 3441 puerorum
729 3368 902 3422 oruaneuta
926 3360 955 3423 ei
977 3360 1158 3422 concessisse
1177 3362 1267 3423 nire-

198 3445 287 3508 murt
337 3443 450 3522 Quibus
476 3445 579 3527 inopes
606 3454 635 3508 et
662 3444 763 3508 iuiina
790 3444 828 3508 ds
856 3454 945 3526 gente
970 3456 1058 3510 natos
1089 3457 1266 3528 paupertate

199 3539 320 3593 coactos
342 3531 386 3594 uti
405 3548 464 3592 nou
481 3531 630 3612 potuisse,
654 3547 710 3614 per
730 3549 762 3593 se
783 3531 887 3614 liquet.
925 3529 988 3611 (Gi.
1009 3532 1110 3595 quen.
1130 3531 1265 3608 Sat.v1,

200 3619 272 3680 103.
288 3617 340 3678 ubi
352 3633 378 3680 c.
392 3614 546 3698 interpp).
590 3617 667 3694 Quid
686 3618 818 3683 multa?-
843 3615 1009 3681 Cauendum
1028 3626 1081 3693 est,
1100 3634 1137 3681 ne
1157 3627 1267 3700 poetae

197 3717 331 3784 paupere
364 3702 432 3766 lare
460 3711 596 3766 contento
623 3701 740 3766 diuitias
767 3711 797 3766 et
825 3703 955 3766 bonores
984 3702 1021 3764 ab
1052 3703 1119 3784 ipso
1148 3715 1265 3786 spretos

197 3788 276 3850 ialso
299 3787 396 3851 studio
419 3784 500 3851 ducti
521 3787 723 3852 obtrudamus.
765 3789 993 3871 Adquiescamus
1014 3791 1113 3870 potius
1133 3791 1267 3872 propriis

196 3873 348 3955 Propertii
369 3873 562 3949 testimoniis,
584 3873 635 3956 qui
656 3876 785 3954 ingenue
804 3873 977 3957 proibetur,
996 3873 1145 3938 fortunam
1170 3895 1268 3939 serr-

198 3977 267 4041 per
288 3976 326 4022 se
346 3958 477 4023 iacere
497 3960 693 4036 soluisse.(1,
712 3962 743 4036 0,
763 3962 926 4040 russea
947 3963 1140 4042 sanguiue
1162 3951 1266 4026 aui'to

198 4063 232 4110 se
254 4044 421 4109 nobilem
442 4063 561 4127 neque
583 4047 640 4110 ita
660 4044 813 4111 diuitem
834 4045 927 4109 luisse
950 4046 1001 4122 (11,
1015 4049 1068 4124 24,
1081 4050 1159 4126 30),
1179 4063 1268 4128 par-

199 4149 281 4195 uam
309 4128 404 4194 domi
430 4131 626 4196 iortunam
652 4132 847 4208 relictam,
874 4131 1015 4195 nullum
1043 4141 1073 4196 et
1103 4135 1266 4214 antiquo

199 4215 322 4282 Marte
343 4217 565 4299 triumphurn
586 4220 647 4284 aui
668 4218 721 4299 (11,
741 4222 795 4295 ab,
815 4220 894 4296 50).
938 4216 1082 4284 Ceterum,
1096 4216 1135 4281 de
1154 4235 1270 4302 cogno·

201 4304 279 4366 miue
297 4301 325 4368 N
331 4313 422 4370 autu
442 4305 479 4370 ci.
502 4314 691 4370 commentar.
713 4303 754 4369 ad
770 4305 903 4388 inscript
922 4303 977 4369 dih.
993 4303 1019 4370 1.
