2762 4972
321 349 412 428 Caput
428 349 476 407 tv.
509 349 552 404 Da
571 346 726 405 inventione
742 348 886 420 Propertii.
1089 341 1141 422 65

170 522 324 588 Amoribus
346 523 412 586 iure
438 524 552 605 primus
575 521 670 586 loeus.
714 523 748 586 ln
769 523 815 586 his
838 523 914 588 enim
934 523 1138 594 describendis

87 617 162 692 poeta
192 629 316 671 summus
347 610 467 672 artifex.
520 611 689 690 Cupidus
725 619 822 673 autem
851 622 895 675 est
929 622 958 675 et
988 613 1138 693 ardens,

87 714 130 758 nec
146 707 236 758 tamen
253 696 307 757 illa
323 695 468 776 cupiditas
486 695 648 757 libidinosa
663 704 715 758 aut
732 697 907 778 turpitudini
926 699 1064 776 obnoxia,
1082 719 1137 766 nec

86 784 137 844 irre
155 783 208 842 boe
230 783 347 844 nomine
369 781 539 843 eDissenin
559 782 669 860 (praef.
686 780 723 844 ad
739 781 805 844 Tib.
822 802 853 864 p.
865 781 947 859 LII.)
959 785 1136 868 Propertius

87 885 136 930 tun
155 867 257 931 Ouidio
280 877 476 947 comparatur.
522 869 660 944 Quamuis
683 863 758 944 enim
780 885 838 930 non
859 878 892 932 ut
914 870 1051 934 Tibullus
1068 873 1138 954 pla-

88 954 166 1015 cidam
190 956 315 1033 quietem
346 971 448 1016 amore
477 962 617 1034 quaerat,
647 988 686 1000 --
716 972 753 1016 ne
780 964 878 1017 tanen
907 955 964 1018 hoc
992 975 1137 1039 nusquarr

84 1039 248 1120 Propertium
277 1039 379 1102 secere
407 1039 529 1113 credas,
561 1040 598 1101 ci.
621 1038 668 1102 El.
688 1040 719 1114 l,
740 1043 771 1102 4.
800 1039 843 1116 ΙΙ,
865 1045 894 1103 7.
924 1041 953 1118 Ι,
977 1045 1027 1106 14.
1057 1045 1138 1122 exit,

86 1143 187 1206 quarum
215 1135 374 1188 extremam
403 1143 474 1189 uere
501 1125 701 1187 Tibulliananr
731 1123 813 1188 dicas
836 1163 878 1174 --
905 1135 937 1190 at
963 1146 1060 1209 neque
1082 1131 1137 1194 ob-

84 1229 155 1273 scena
187 1211 255 1274 ioca
290 1212 431 1286 admittit,
463 1228 518 1274 nec
548 1209 678 1273 crudam'
704 1211 884 1293 uoluptatem
916 1217 1042 1294 expetit,
1080 1215 1136 1280 sed

85 1297 119 1358 his
143 1297 235 1360 omnia
263 1299 377 1360 maiora
405 1299 496 1360 habet
524 1298 614 1360 animi
642 1296 766 1372 cultum,
796 1299 908 1376 ingenii
937 1310 1019 1364 artes
1046 1313 1137 1383 atque

85 1383 144 1444 adeo
165 1401 275 1444 norum
296 1385 355 1446 nisi
382 1384 614 1465 simplicitatem,
637 1401 713 1464 quac
735 1392 802 1445 tunc
826 1384 944 1447 omnino
966 1386 1049 1450 nulla
1070 1389 1137 1467 duit,

84 1469 272 1536 humanitatem
291 1478 387 1532 tamen
410 1480 438 1533 et
459 1470 623 1532 naturalem
642 1466 788 1549 quandam
807 1470 977 1534 bonitatem.
1023 1472 1069 1536 cf.
1085 1473 1134 1538 ΕΙ.

84 1553 101 1628 Ι,
116 1559 141 1630 4,
160 1559 207 1619 11.
231 1565 261 1618 et
284 1557 423 1634 egregius
445 1557 529 1618 locus
550 1555 588 1631 ΙΙ,
607 1560 635 1628 3,
652 1560 681 1619 9.
700 1573 764 1636 sqq.
807 1555 882 1618 Add.
899 1555 938 1635 11,
954 1561 1005 1635 13,
1021 1563 1052 1624 9.
1067 1577 1134 1644 sqq.

85 1648 106 1701 et
123 1659 215 1702 rursus
239 1639 277 1703 de
299 1641 429 1703 moribus
449 1642 492 1716 ll,
515 1645 573 1717 22,
596 1643 646 1704 14.
667 1644 719 1703 27.

165 1727 223 1788 Nec
240 1728 378 1808 profecto
399 1727 468 1790 uilis
490 1737 555 1790 erat
575 1735 627 1788 aut
648 1744 706 1788 nou
727 1725 863 1789 amabilis
880 1723 1020 1805 Cynthia,
1045 1733 1134 1811 quani

82 1809 136 1872 talis
159 1824 246 1892 poeta
278 1815 321 1876 ito
350 1831 451 1876 amare
482 1823 600 1894 posset,
634 1813 775 1893 cuiusque
804 1821 938 1875 mortuae
966 1823 1025 1876 tam
1052 1817 1134 1896 pianr

83 1901 230 1960 memoriam
259 1900 291 1960 in
319 1900 522 1980 posteritatem
550 1909 744 1980 propagaret.
793 1899 885 1982 Atqui
912 1916 982 1962 uere
1011 1918 1076 1962 eum
1104 1913 1135 1968 et

82 1991 131 2044 toto
149 1996 269 2064 pectore
291 1995 320 2047 et
338 1986 447 2048 intimis
469 1986 558 2046 animi
582 1987 717 2047 sensibus
739 2002 855 2047 amasse
874 2003 910 2046 ne
929 1987 1024 2066 ipsum
1043 1989 1133 2052 toties

83 2078 243 2134 attestantem
277 2072 307 2132 in
334 2082 435 2152 partes
461 2071 617 2134 adhibeam
645 2089 720 2134 nere
744 2071 782 2132 ad
812 2071 1030 2152 quinquennale
1055 2073 1133 2137 illud

82 2157 209 2219 seruitium
231 2158 322 2220 toties
343 2160 482 2220 iactatum
505 2175 676 2238 provocem,
699 2156 769 2237 quid
789 2175 876 2220 uerus
898 2173 982 2218 amor
1003 2170 1081 2222 esset
1104 2169 1135 2226 et

83 2241 203 2306 eoelestia
225 2244 389 2306 animorum
409 2245 495 2305 simul
517 2261 733 2324 corporumque
754 2242 873 2306 uincula
895 2260 953 2304 non
973 2244 1132 2322 ignorasse

45 2393 48 2404 ‚
83 2343 131 2386 eun
151 2340 234 2410 atque
262 2330 339 2392 adeo
365 2330 470 2392 melius
497 2332 644 2405 tenuisse,
672 2348 759 2410 quarn
788 2328 867 2390 haurd
896 2330 958 2390 scio
982 2349 1023 2392 an
1053 2330 1132 2396 ullus
1222 2407 1226 2413 ¹

81 2422 190 2476 ueterum
208 2424 381 2497 poetarum,
410 2417 468 2478 iarn
498 2415 654 2478 dolores
681 2417 727 2477 illi
751 2414 853 2478 dulces
880 2415 992 2495 gaudio
1018 2433 1131 2482 summo

80 2499 146 2560 nirti
171 2501 405 2577 declaraverint,
433 2518 555 2581 quorum
583 2503 614 2562 in
632 2502 738 2564 Ouidio
767 2519 804 2563 ne
828 2501 984 2583 uestigium
1005 2503 1132 2584 quidem,

80 2581 102 2642 ir
120 2585 228 2650 Getullu
260 2589 380 2650 seniore
407 2589 508 2668 utique
538 2589 576 2649 ab
599 2588 655 2649 hac
681 2597 767 2668 perte
790 2585 879 2650 rudia
904 2597 1017 2651 tantum
1038 2607 1133 2669 quee-

81 2666 132 2732 dan
153 2673 237 2737 initia
261 2675 314 2750 (ef.
338 2674 446 2736 Catuli.
469 2677 526 2746 68,
550 2675 600 2742 ld.
621 2673 761 2748 ‚‚Venns,
783 2690 859 2753 quae
881 2671 1029 2736 dulcem
1051 2675 1132 2740 ouria

80 2755 163 2820 uisset
184 2760 425 2822 amaritienr“
447 2759 484 2821 ef.
508 2762 564 2834 64,
586 2758 671 2835 db),
689 2759 863 2838 Propertius
885 2757 973 2834 adeo,
993 2759 1132 2840 quoniam

64 2837 205 2907 'Ronanus
234 2863 331 2908 sermo
358 2846 450 2907 uerbo
478 2855 576 2920 caret,
606 2862 664 2925 quo
691 2844 813 2907 allectus
839 2843 892 2906 ille
918 2845 1024 2908 mixtus
1053 2845 1132 2923 (die

80 2923 269 3012 Welrnrnth)
296 2932 494 3012 significetur,
523 2932 590 3012 ipsa
618 2931 674 2992 hac
699 2948 773 2993 noce
801 2929 1008 3004 „dolores“
1029 2933 1132 3010 utitur,

81 3014 317 3093 ut1‚10,13.,
346 3019 396 3099 qui
424 3018 508 3081 loeus
538 3017 614 3079 male
643 3015 757 3078 ideireo
779 3017 817 3078 ab
845 3016 1057 3096 interpretibus
1080 3035 1131 3080 ao·

80 3109 162 3178 ceptus
184 3113 250 3178 est,
270 3105 401 3184 quamuis
424 3105 514 3186 paulo
527 3113 625 3166 'antea
647 3103 784 3167 dixisset:
806 3119 897 3177 „cum
924 3111 953 3164 te
976 3102 1133 3184 complexa

79 3189 296 3265 morientem,
324 3190 426 3266 Galle,
454 3189 556 3272 puella
576 3189 731 3252 uidimus.“
774 3187 821 3252 Gi.
845 3189 951 3251 iterum
971 3186 999 3263 Ι,
1020 3193 1055 3264 3,
1079 3190 1131 3255 15.

79 3271 149 3341 „uidi
175 3293 233 3355 ego
263 3284 292 3338 te
320 3284 382 3340 toto
405 3277 533 3340 vinctum
558 3275 757 3356 languescere
785 3273 864 3337 eollo
891 3281 920 3336 et
949 3273 1056 3336 flere
1085 3275 1133 3337 in·

27 3375 28 3390 ¹
78 3353 155 3434 iretis,
176 3361 271 3435 Galle,
296 3361 347 3424 din
370 3364 503 3424 manibus
526 3372 556 3424 et
577 3379 686 3442 capere
707 3363 815 3442 optatis
833 3363 958 3423 animam
980 3359 1132 3442 deponere
1172 3413 1179 3421 .

78 3437 197 3522 labris“;
235 3448 341 3528 quibus
372 3449 449 3511 adde
478 3449 630 3528 egregium
662 3447 759 3509 locum
785 3446 830 3522 ΙΙ,
861 3447 919 3521 15,
940 3449 992 3510 52.
1022 3445 1070 3508 fin.
1100 3454 1132 3512 ei

78 3541 135 3591 caue
153 3541 258 3612 tangas
279 3533 388 3595 ibidem
408 3554 436 3597 u.
453 3537 515 3609 35,
536 3535 587 3596 ubi
609 3535 722 3596 frustra
743 3533 877 3606 fuerunt,
899 3533 949 3612 qui
972 3531 1131 3596 dolores

78 3611 101 3672 in
119 3619 265 3681 calor-es
295 3630 447 3683 mutarent.
492 3621 601 3701 Neque
622 3621 716 3699 igitur
743 3617 923 3693 mirandum,
950 3616 1030 3697 quod
1052 3617 1133 3682 inter

77 3701 157 3764 nedia
178 3723 310 3767 amorum
339 3707 450 3786 gaudia
478 3706 625 3770 interdum
652 3708 787 3767 mortis
816 3704 995 3766 memoria
1023 3703 1156 3788 intexi-V

78 3791 128 3863 tur,
148 3799 177 3851 ut
196 3791 243 3853 ΕΙ.
263 3792 292 3868 Ι,
315 3795 364 3856 19.
385 3793 430 3868 ΙΙ,
453 3794 509 3867 lb,
528 3795 580 3855 41.
601 3810 666 3872 sqq.
688 3789 746 3864 ΙΙΙ,
770 3794 823 3864 17,
847 3793 897 3852 20.
918 3807 982 3869 sqq.
1001 3786 1046 3865 ΙΙ,
1070 3793 1153 3868 13,1

78 3873 116 3946 qui
140 3873 220 3938 locus
242 3874 279 3940 ab
302 3877 515 3958 interpretibus
536 3896 639 3958 parurn
662 3876 829 3940 intellectus
851 3873 1036 3936 dilacerandi
1064 3892 1133 3937 car-

78 3957 145 4020 minis
165 3979 282 4024 ceusam
305 3963 394 4026 dedit.
438 3963 555 4026 Unius
585 3972 681 4026 autem
705 3961 841 4024 dominae
863 3959 979 4023 fidelem
1001 3977 1134 4023 amorem

78 4055 123 4103 hon
146 4048 237 4110 solnm
264 4049 329 4130 ipse
351 4049 439 4128 toties
467 4067 541 4130 prae
569 4069 602 4111 se
623 4048 697 4123 fert,
725 4047 778 4111 sed
804 4048 881 4109 hunc
902 4047 1020 4128 potios,
1044 4063 1133 4127 quarn

78 4125 159 4194 uilium
179 4135 344 4213 puellarum
366 4135 545 4202 desultorios
568 4135 689 4197 affectus
711 4144 820 4216 poetae
843 4135 941 4195 auimo
965 4148 1132 4195 accommo-

79 4207 159 4279 datum
179 4222 289 4297 luisse,
311 4239 347 4284 ea
367 4223 436 4302 ipsa
455 4223 587 4284 earmina
606 4223 713 4284 docent
734 4221 795 4301 (ΙΙ,
818 4224 875 4294 22,
897 4218 982 4298 23),
1009 4218 1060 4278 ubi
1084 4217 1133 4278 ia·

77 4308 155 4366 torun
188 4307 297 4372 duritie
331 4317 431 4388 aetus,
465 4307 528 4372 elia
557 4309 609 4372 ria
639 4308 775 4374 instituto
811 4305 947 4370 dolorem
979 4301 1133 4367 consolari

886 4408 907 4474 b
