2848 4972
236 325 291 426 Leo
523 323 540 351 ”
564 342 777 416 rnornnrn
797 341 861 409 un.
881 339 927 420 n,
949 335 1003 406 so.

329 525 426 595 Misit
445 518 602 590 matronis
624 512 760 584 Inachis
782 511 962 580 Ausoniis!

258 630 384 716 eQuae
406 626 471 694 dea
493 632 561 692 tam
583 619 721 706 cupidos
745 619 868 684 totiens
891 613 1007 682 divisit
1030 615 1196 696 amantes,
1280 677 1282 681 .

334 737 568 820 Quaecumque
588 728 645 794 illa
667 726 745 807 fuit,
768 739 900 808 semper
922 735 1037 786 amara
1057 717 1128 784 fuit.

288 842 340 910 Tu
363 844 453 904 certe
474 834 567 901 Iovis
590 827 726 897 occultis
748 829 782 892 in
804 825 989 918 amoribuS,
1010 820 1062 906 Io,
1227 801 1235 818 ⁶

334 940 500 1021 Sensisti,
522 933 642 1009 multas
665 928 742 1018 quid
766 931 812 996 sit
833 930 917 994 inire
938 928 1041 1008 viuss

290 1044 431 1113 Cumte
451 1042 552 1108 iussit
571 1037 696 1102 bebere
717 1033 859 1120 puellam
880 1046 1003 1096 cornua
1024 1025 1104 1092 Iuno

247 1164 275 1208 1⁰
334 1147 382 1216 Et
403 1145 532 1233 pecoris
555 1141 636 1207 duro
659 1136 800 1224 perdere
822 1135 927 1199 verba
948 1148 1040 1196 sono.

263 1307 265 1312 .
289 1231 345 1322 Ab
366 1251 519 1336 quotiens
542 1244 676 1332 quernis
698 1240 838 1329 laesisti
850 1235 1015 1304 frontibus
1037 1233 1110 1298 ora!

332 1333 490 1420 Mansisti
511 1346 652 1416 stabulis
674 1342 789 1408 abdito
810 1345 911 1426 pasta
932 1337 1014 1403 tuis!

249 1479 255 1482 ·
290 1455 363 1536 An,
386 1453 538 1539 quoniam
562 1451 732 1536 agrestem
756 1440 901 1508 detraxit
924 1438 965 1504 ab
989 1451 1046 1502 ore
1068 1433 1212 1519 figuram

334 1554 498 1641 Iuppiter,
520 1549 644 1616 idcirco
666 1547 756 1612 facta
779 1543 925 1630 superba
946 1539 1011 1606 dea
1033 1533 1098 1604 es?

246 1669 273 1717 1⁵
290 1657 345 1725 An
367 1657 428 1722 tibi
448 1673 513 1720 non
535 1653 621 1718 setis
643 1655 697 1716 est
716 1649 822 1714 fuscis
843 1647 1022 1733 Aegyptus
1043 1633 1213 1707 alumnis?

335 1757 402 1825 Cur
422 1758 482 1823 tibi
503 1762 570 1821 tarn
592 1753 693 1839 longa
711 1751 819 1816 Roma
841 1749 946 1834 petita
967 1746 1025 1811 via
1047 1739 1123 1808 est?
1211 1804 1214 1811 .

291 1859 422 1945 Quidve
444 1860 504 1924 tibi
526 1855 663 1943 prodest
683 1853 806 1918 triduans
830 1851 970 1917 dormire
991 1840 1146 1935 puellas?

332 1961 405 2033 Sed
428 1963 504 2044 tibi,
525 1957 627 2025 crede
648 1956 745 2040 mihi,
760 1969 892 2022 'cornua
913 1973 1029 2020 rursus
1053 1953 1162 2030 erunt,

291 2067 361 2134 Aut
380 2083 441 2129 nos
464 2079 484 2126 e
505 2067 620 2128 nostra
642 2066 694 2141 te,
716 2075 840 2140 saeva,
861 2056 1049 2144 fugabimus
1071 2051 1172 2118 urbe:

245 2183 273 2228 w
335 2167 417 2235 Cum
437 2166 552 2232 Tiberi
572 2162 647 2230 Nilo
668 2163 780 2252 gratia
801 2159 889 2226 nulla
909 2161 981 2225 fuit.

289 2271 339 2340 At
358 2275 412 2352 tu,
435 2285 519 2354 quae
540 2272 654 2346 nostro
673 2267 804 2330 nimium
827 2264 960 2350 placata
981 2258 1094 2326 dolore
1115 2274 1168 2342 es,

331 2373 493 2440 Noctibus
514 2369 568 2438 his
589 2371 688 2438 vacui
710 2374 762 2435 ter
781 2369 943 2434 faciamus
964 2366 1038 2432 iter.
1078 2357 1082 2377 ³

647 2494 917 2582 *ff*

289 2628 380 2722 Non
403 2643 518 2730 audis,
539 2651 574 2712 et
594 2646 700 2712 verba
722 2644 806 2710 sinis
826 2661 901 2711 mea
921 2639 1054 2726 ludere,
1075 2659 1148 2707 cum
1169 2639 1242 2708 iam'

332 2752 486 2818 Flectant
506 2749 605 2816 Icarii
627 2749 742 2816 sidera
762 2747 861 2815 tarda
882 2749 999 2815 boves

247 2867 274 2914 ro
290 2855 398 2922 Lenta
420 2855 521 2919 bibis:
544 2843 863 2938 mediae'nequeunt
884 2858 919 2917 te
940 2850 1099 2937 frangere
1119 2855 1250 2912 noctes,

333 2959 387 3022 An
408 2956 550 3022 nondum
573 2963 627 3021 est
648 2954 733 3023 talos
757 2957 887 3021 mittere
906 2952 1001 3019 lassa
1022 2945 1164 3017 monus?

233 3131 235 3134 ,
288 3057 344 3128 Ah
367 3065 500 3144 pereat,
523 3058 716 3144 quicumque
737 3073 889 3122 meracas
912 3054 1057 3141 repperit
1075 3068 1175 3136 uvas,

334 3163 553 3249 Corrupitque
576 3161 680 3228 bonas
703 3167 839 3228 nectare
861 3162 984 3246 primus
1003 3159 1127 3244 aquas!

231 3322 234 3328 ,
289 3265 385 3352 Icare
407 3264 577 3350 Cecropiis
600 3267 715 3329 merito
737 3263 885 3351 iugulate
909 3261 1047 3341 colonis,

210 3345 221 3372 ⁹
249 3386 276 3432 oo
335 3371 535 3454 Pampineus
557 3370 646 3434 nosti
671 3386 770 3455 quarn
792 3369 837 3432 sit
859 3383 992 3432 amarus
1016 3361 1106 3429 odor.

77 3484 85 3494 “
291 3473 343 3542 Tu
366 3491 495 3560 quoque
517 3490 536 3537 o
557 3470 720 3557 Eurytion
742 3472 819 3538 vino
843 3468 1009 3535 Centaure
1030 3463 1160 3553 peristi,

317 3655 343 3708 t.
363 3658 499 3704 metrorus
523 3667 566 3719 pr.
585 3668 620 3702 m.
638 3649 690 3708 Hb.
714 3649 830 3716 ynaohus
846 3647 899 3702 nb.
981 3650 1008 3700 7.
1026 3643 1054 3696 ἱη
1073 3642 1144 3696 Iovis
1162 3639 1270 3694 occultis
1284 3641 1315 3692 1).

246 3747 272 3800 8.
296 3743 391 3808 longas
415 3743 449 3797 D.
534 3745 560 3792 9.
586 3739 683 3795 Quom.
706 3738 840 3790 iussit-
864 3736 928 3788 iuno
953 3751 1001 3788 om.
1020 3735 1055 3784 Η.
1080 3725 1156 3796 iuno]
1180 3727 1259 3782 humo
1279 3725 1313 3777 N.

154 3829 162 3846 ‘
248 3836 290 3884 11.
304 3827 349 3902 Ha
361 3825 412 3878 Hb.
432 3825 541 3878 horaIt.
578 3831 619 3880 12.
631 3824 748 3875 stabulas
761 3821 814 3876 Hb.
851 3823 893 3873 14.
907 3821 994 3871 estH.
1031 3819 1071 3870 15.
1085 3814 1150 3866 tusis
1167 3829 1192 3866 r.
1229 3810 1315 3865 libert

247 3913 401 3970 our.N.11.
472 3917 514 3966 17.
529 3911 651 3978 prodest]
671 3907 808 3980 nonleotis
827 3909 869 3958 est
884 3903 937 3956 Hb.
1010 3905 1050 3956 19.
1067 3913 1144 3951 sceva
1161 3897 1197 3947 Η.
1216 3888 1312 3956 fugari·
1395 3895 1396 3926 3

245 3996 372 4052 murtro.
427 3999 469 4049 20.
489 3995 591 4060 thyberi
609 3996 652 4062 (ιζ,
672 3993 757 4058 tyberi
775 3994 811 4048 lt.
868 3995 912 4042 21.
930 3991 985 4041 Aut
1002 4003 1027 4040 r.
1083 3989 1125 4038 26.
1143 3982 1180 4034 At
1200 3973 1311 4032 ambs·

244 4085 362 4138 nundum
372 4099 395 4137 r.
446 4086 488 4134 27.
500 4095 672 4148 quaecuuque
684 4095 708 4131 r.
727 4082 856 4130 mercatae
868 4074 921 4128 Hb.
942 4069 1061 4142 repperit
1073 4071 1169 4125 cordi.
1221 4069 1262 4118 29.
1272 4075 1312 4124 cy-

245 4169 343 4238 cropiis
357 4167 410 4220 Hb.
421 4167 458 4219 N.
480 4165 590 4230 vigilare
607 4181 650 4232 pr.
662 4181 708 4233 rm,
728 4163 851 4228 iugulare
868 4178 890 4214 s.
905 4177 941 4216 m.
953 4158 1007 4212 Hb.
1059 4159 1102 4211 30.
1118 4145 1310 4220 Pampiniusit.
1395 4159 1396 4164 ¹

245 4261 288 4311 31.
308 4255 352 4307 Tu
371 4268 476 4322 quoque
494 4250 616 4316 oenrytio
635 4265 671 4318 m,
691 4251 735 4302 Tu
752 4263 858 4316 quoque
875 4251 903 4300 et
920 4243 1044 4310 eurytion
1062 4243 1106 4308 P„
1124 4239 1219 4307 Tuque
1236 4252 1252 4288 o
1268 4246 1310 4283 οῦ·
1395 4245 1396 4298 t

244 4338 311 4392 nicio
329 4337 381 4406 N„
400 4337 496 4404 Tuque
514 4351 530 4387 o
549 4332 663 4400 eurythii
684 4334 734 4401 (a,
755 4331 799 4384 Tn
816 4345 921 4400 quoque
939 4325 1053 4382 esuritio
1070 4323 1133 4394 rib,
1152 4319 1245 4376 eumtio
1257 4315 1290 4370 Ν.
1395 4317 1396 4324 ’
