<?xml version="1.0" encoding="UTF-8"?>
<!DOCTYPE html PUBLIC "-//W3C//DTD XHTML 1.0 Transitional//EN"
    "http://www.w3.org/TR/xhtml1/DTD/xhtml1-transitional.dtd">
<html xmlns="http://www.w3.org/1999/xhtml" xml:lang="en" lang="en">
 <head>
  <title>
</title>
<meta http-equiv="Content-Type" content="text/html;charset=utf-8" />
  <meta name='ocr-system' content='tesseract 3.04.00' />
  <meta name='ocr-capabilities' content='ocr_page ocr_carea ocr_par ocr_line ocrx_word'/>
</head>
<body>
  <div class='ocr_page' id='page_1' title='image "./sexaureliiprope02propgoog_0431.png"; bbox 0 0 2848 4972; ppageno 0'>
   <div class='ocr_carea' id='block_1_1' title="bbox 393 398 1216 478">
    <p class='ocr_par' dir='ltr' id='par_1_1' title="bbox 393 398 1216 478">
     <span class='ocr_line' id='line_1_1' title="bbox 393 398 1216 478; baseline 0.009 -11"><span class='ocrx_word' id='word_1_1' title='bbox 393 435 396 442; x_wconf 96' lang='lat'>·</span> <span class='ocrx_word' id='word_1_2' title='bbox 453 400 663 468; x_wconf 71' lang='lat' dir='ltr'><strong>tuoruum</strong></span> <span class='ocrx_word' id='word_1_3' title='bbox 684 399 747 464; x_wconf 77' lang='lat' dir='ltr'><strong><em>nt..</em></strong></span> <span class='ocrx_word' id='word_1_4' title='bbox 767 401 816 478; x_wconf 84' lang='lat' dir='ltr'><strong>tv,</strong></span> <span class='ocrx_word' id='word_1_5' title='bbox 838 399 869 465; x_wconf 88' lang='grc'><strong>7.</strong></span> <span class='ocrx_word' id='word_1_6' title='bbox 892 398 922 466; x_wconf 97' lang='grc'><strong>8.</strong></span> <span class='ocrx_word' id='word_1_7' title='bbox 1157 405 1216 474; x_wconf 81' lang='lat' dir='ltr'><strong>lit</strong></span> 
     </span>
    </p>
   </div>
   <div class='ocr_carea' id='block_1_2' title="bbox 119 569 1146 2101">
    <p class='ocr_par' dir='ltr' id='par_1_2' title="bbox 119 569 1146 2101">
     <span class='ocr_line' id='line_1_2' title="bbox 237 569 1046 657; baseline -0.001 -18"><span class='ocrx_word' id='word_1_8' title='bbox 237 570 285 639; x_wconf 83' lang='lat' dir='ltr'><strong>Et</strong></span> <span class='ocrx_word' id='word_1_9' title='bbox 304 585 478 657; x_wconf 77' lang='lat' dir='ltr'><strong>numquam</strong></span> <span class='ocrx_word' id='word_1_10' title='bbox 497 569 661 636; x_wconf 86' lang='lat' dir='ltr'><strong>Herculeo</strong></span> <span class='ocrx_word' id='word_1_11' title='bbox 682 571 813 636; x_wconf 86' lang='lat' dir='ltr'><strong>numine</strong></span> <span class='ocrx_word' id='word_1_12' title='bbox 834 569 935 656; x_wconf 86' lang='lat' dir='ltr'><strong>pallet</strong></span> <span class='ocrx_word' id='word_1_13' title='bbox 954 571 1046 650; x_wconf 89' lang='lat' dir='ltr'><strong>ebur,</strong></span> 
     </span>
     <span class='ocr_line' id='line_1_3' title="bbox 156 667 1083 762; baseline 0 -20"><span class='ocrx_word' id='word_1_14' title='bbox 156 681 158 686; x_wconf 80' lang='grc'><strong>“</strong></span> <span class='ocrx_word' id='word_1_15' title='bbox 194 675 260 742; x_wconf 90' lang='lat' dir='ltr'><strong>Hic</strong></span> <span class='ocrx_word' id='word_1_16' title='bbox 281 692 412 742; x_wconf 86' lang='lat' dir='ltr'><strong>carmen</strong></span> <span class='ocrx_word' id='word_1_17' title='bbox 428 667 543 742; x_wconf 68' lang='lat' dir='ltr'><strong>‘nediu</strong></span> <span class='ocrx_word' id='word_1_18' title='bbox 564 673 699 762; x_wconf 82' lang='lat' dir='ltr'><strong>dignum</strong></span> <span class='ocrx_word' id='word_1_19' title='bbox 719 692 772 739; x_wconf 84' lang='lat' dir='ltr'><strong>rue</strong></span> <span class='ocrx_word' id='word_1_20' title='bbox 792 677 902 742; x_wconf 81' lang='lat' dir='ltr'><strong>scribe</strong></span> <span class='ocrx_word' id='word_1_21' title='bbox 922 676 1083 759; x_wconf 87' lang='lat' dir='ltr'><strong>columna,</strong></span> 
     </span>
     <span class='ocr_line' id='line_1_4' title="bbox 237 776 1139 868; baseline 0.002 -23"><span class='ocrx_word' id='word_1_22' title='bbox 237 778 309 846; x_wconf 83' lang='lat' dir='ltr'><strong>Sed</strong></span> <span class='ocrx_word' id='word_1_23' title='bbox 331 780 449 862; x_wconf 87' lang='lat' dir='ltr'><strong>breve,</strong></span> <span class='ocrx_word' id='word_1_24' title='bbox 470 776 557 865; x_wconf 84' lang='lat' dir='ltr'><strong>quod</strong></span> <span class='ocrx_word' id='word_1_25' title='bbox 579 795 715 844; x_wconf 89' lang='lat' dir='ltr'><strong>currens</strong></span> <span class='ocrx_word' id='word_1_26' title='bbox 737 784 852 844; x_wconf 86' lang='lat' dir='ltr'><strong>vector</strong></span> <span class='ocrx_word' id='word_1_27' title='bbox 873 779 915 844; x_wconf 82' lang='lat' dir='ltr'><strong>ab</strong></span> <span class='ocrx_word' id='word_1_28' title='bbox 936 780 1017 845; x_wconf 89' lang='lat' dir='ltr'><strong>urbe</strong></span> <span class='ocrx_word' id='word_1_29' title='bbox 1035 780 1139 868; x_wconf 82' lang='lat' dir='ltr'><strong>teget,</strong></span> 
     </span>
     <span class='ocr_line' id='line_1_5' title="bbox 147 889 1109 948; baseline -0.002 -2"><span class='ocrx_word' id='word_1_30' title='bbox 147 889 177 935; x_wconf 63' lang='grc' dir='ltr'><strong>ὅ</strong></span> <span class='ocrx_word' id='word_1_31' title='bbox 195 901 378 947; x_wconf 78' lang='lat' dir='ltr'><strong>rrnunrruu</strong></span> <span class='ocrx_word' id='word_1_32' title='bbox 400 899 496 946; x_wconf 79' lang='lat' dir='ltr'><strong>rucnr</strong></span> <span class='ocrx_word' id='word_1_33' title='bbox 519 898 581 944; x_wconf 79' lang='lat' dir='ltr'><strong>uro</strong></span> <span class='ocrx_word' id='word_1_34' title='bbox 604 897 716 944; x_wconf 76' lang='lat' dir='ltr'><strong>russo</strong></span> <span class='ocrx_word' id='word_1_35' title='bbox 739 898 879 944; x_wconf 77' lang='lat' dir='ltr'><strong>erururo</strong></span> <span class='ocrx_word' id='word_1_36' title='bbox 901 901 1024 948; x_wconf 77' lang='lat' dir='ltr'><strong>russo.</strong></span> <span class='ocrx_word' id='word_1_37' title='bbox 1106 939 1109 944; x_wconf 83' lang='grc'><strong>.</strong></span> 
     </span>
     <span class='ocr_line' id='line_1_6' title="bbox 235 999 916 1060; baseline 0 -13"><span class='ocrx_word' id='word_1_38' title='bbox 235 999 387 1048; x_wconf 74' lang='lat' dir='ltr'><strong>Acosssrr</strong></span> <span class='ocrx_word' id='word_1_39' title='bbox 411 1002 510 1048; x_wconf 76' lang='lat' dir='ltr'><strong>cruos</strong></span> <span class='ocrx_word' id='word_1_40' title='bbox 535 1001 631 1060; x_wconf 82' lang='lat' dir='ltr'><strong>uuus,</strong></span> <span class='ocrx_word' id='word_1_41' title='bbox 654 1000 793 1059; x_wconf 74' lang='lat' dir='ltr'><strong>Iurene,</strong></span> <span class='ocrx_word' id='word_1_42' title='bbox 818 1001 916 1048; x_wconf 79' lang='lat' dir='ltr'><strong>nuru.</strong></span> 
     </span>
     <span class='ocr_line' id='line_1_7' title="bbox 192 1084 1030 1172; baseline 0.004 -23"><span class='ocrx_word' id='word_1_43' title='bbox 192 1085 265 1150; x_wconf 87' lang='lat' dir='ltr'><strong>Nec</strong></span> <span class='ocrx_word' id='word_1_44' title='bbox 284 1091 321 1153; x_wconf 92' lang='lat' dir='ltr'><strong>tu</strong></span> <span class='ocrx_word' id='word_1_45' title='bbox 343 1103 464 1172; x_wconf 86' lang='lat' dir='ltr'><strong>sperne</strong></span> <span class='ocrx_word' id='word_1_46' title='bbox 485 1087 550 1170; x_wconf 87' lang='lat' dir='ltr'><strong>piis</strong></span> <span class='ocrx_word' id='word_1_47' title='bbox 571 1084 739 1151; x_wconf 90' lang='lat' dir='ltr'><strong>venientia</strong></span> <span class='ocrx_word' id='word_1_48' title='bbox 760 1086 888 1150; x_wconf 88' lang='lat' dir='ltr'><strong>somnia</strong></span> <span class='ocrx_word' id='word_1_49' title='bbox 909 1087 1030 1170; x_wconf 85' lang='lat' dir='ltr'><strong>portis:</strong></span> 
     </span>
     <span class='ocr_line' id='line_1_8' title="bbox 235 1186 1046 1274; baseline 0.001 -20"><span class='ocrx_word' id='word_1_50' title='bbox 235 1186 317 1255; x_wconf 86' lang='lat' dir='ltr'><strong>Cum</strong></span> <span class='ocrx_word' id='word_1_51' title='bbox 339 1191 395 1274; x_wconf 86' lang='lat' dir='ltr'><strong>pia</strong></span> <span class='ocrx_word' id='word_1_52' title='bbox 415 1194 577 1254; x_wconf 88' lang='lat' dir='ltr'><strong>venerunt</strong></span> <span class='ocrx_word' id='word_1_53' title='bbox 598 1191 742 1270; x_wconf 87' lang='lat' dir='ltr'><strong>somnia,</strong></span> <span class='ocrx_word' id='word_1_54' title='bbox 762 1187 891 1273; x_wconf 91' lang='lat' dir='ltr'><strong>pondus</strong></span> <span class='ocrx_word' id='word_1_55' title='bbox 912 1187 1046 1255; x_wconf 89' lang='lat' dir='ltr'><strong>habent.</strong></span> 
     </span>
     <span class='ocr_line' id='line_1_9' title="bbox 191 1290 1146 1382; baseline 0.004 -26"><span class='ocrx_word' id='word_1_56' title='bbox 191 1291 297 1357; x_wconf 83' lang='lat' dir='ltr'>Nocte</span> <span class='ocrx_word' id='word_1_57' title='bbox 316 1309 428 1382; x_wconf 82' lang='lat' dir='ltr'><strong>vagae</strong></span> <span class='ocrx_word' id='word_1_58' title='bbox 449 1293 599 1358; x_wconf 86' lang='lat' dir='ltr'><strong>terimur:</strong></span> <span class='ocrx_word' id='word_1_59' title='bbox 620 1310 687 1357; x_wconf 85' lang='lat' dir='ltr'><strong>nox</strong></span> <span class='ocrx_word' id='word_1_60' title='bbox 707 1290 842 1358; x_wconf 84' lang='lat' dir='ltr'><strong>clausas</strong></span> <span class='ocrx_word' id='word_1_61' title='bbox 862 1291 982 1359; x_wconf 88' lang='lat' dir='ltr'><strong>liberat</strong></span> <span class='ocrx_word' id='word_1_62' title='bbox 1002 1293 1146 1377; x_wconf 87' lang='lat' dir='ltr'><strong>umbras,</strong></span> 
     </span>
     <span class='ocr_line' id='line_1_10' title="bbox 148 1394 934 1482; baseline 0.001 -20"><span class='ocrx_word' id='word_1_63' title='bbox 148 1408 174 1454; x_wconf 73' lang='lat' dir='ltr'><strong>tt</strong></span> <span class='ocrx_word' id='word_1_64' title='bbox 233 1394 336 1463; x_wconf 81' lang='lat' dir='ltr'><strong>Errat</strong></span> <span class='ocrx_word' id='word_1_65' title='bbox 358 1405 392 1462; x_wconf 90' lang='lat' dir='ltr'><strong>et</strong></span> <span class='ocrx_word' id='word_1_66' title='bbox 414 1397 543 1462; x_wconf 86' lang='lat' dir='ltr'><strong>abiecta</strong></span> <span class='ocrx_word' id='word_1_67' title='bbox 565 1395 730 1462; x_wconf 80' lang='lat' dir='ltr'><strong>Cerberus</strong></span> <span class='ocrx_word' id='word_1_68' title='bbox 750 1398 824 1482; x_wconf 86' lang='lat' dir='ltr'><strong>ipse</strong></span> <span class='ocrx_word' id='word_1_69' title='bbox 845 1413 934 1464; x_wconf 86' lang='lat' dir='ltr'><strong>sera.</strong></span> 
     </span>
     <span class='ocr_line' id='line_1_11' title="bbox 190 1495 1070 1586; baseline -0.002 -22"><span class='ocrx_word' id='word_1_70' title='bbox 190 1499 283 1564; x_wconf 85' lang='lat' dir='ltr'><strong>Luce</strong></span> <span class='ocrx_word' id='word_1_71' title='bbox 303 1499 416 1564; x_wconf 80' lang='lat' dir='ltr'><strong>Iubent</strong></span> <span class='ocrx_word' id='word_1_72' title='bbox 434 1497 531 1586; x_wconf 82' lang='lat' dir='ltr'><strong>leges</strong></span> <span class='ocrx_word' id='word_1_73' title='bbox 551 1495 702 1564; x_wconf 79' lang='lat' dir='ltr'><strong>Lethaea</strong></span> <span class='ocrx_word' id='word_1_74' title='bbox 719 1495 765 1562; x_wconf 89' lang='lat' dir='ltr'><strong>ad</strong></span> <span class='ocrx_word' id='word_1_75' title='bbox 787 1502 911 1586; x_wconf 82' lang='lat' dir='ltr'><strong>stagna</strong></span> <span class='ocrx_word' id='word_1_76' title='bbox 931 1497 1070 1563; x_wconf 87' lang='lat' dir='ltr'><strong>reverti:</strong></span> 
     </span>
     <span class='ocr_line' id='line_1_12' title="bbox 230 1601 1053 1684; baseline -0.002 -16"><span class='ocrx_word' id='word_1_77' title='bbox 230 1603 303 1669; x_wconf 91' lang='lat' dir='ltr'><strong>Nos</strong></span> <span class='ocrx_word' id='word_1_78' title='bbox 324 1601 490 1684; x_wconf 80' lang='lat' dir='ltr'><strong>vehimur,</strong></span> <span class='ocrx_word' id='word_1_79' title='bbox 510 1607 642 1667; x_wconf 87' lang='lat' dir='ltr'><strong>vectum</strong></span> <span class='ocrx_word' id='word_1_80' title='bbox 662 1608 763 1668; x_wconf 87' lang='lat' dir='ltr'><strong>nauta</strong></span> <span class='ocrx_word' id='word_1_81' title='bbox 785 1607 939 1668; x_wconf 83' lang='lat' dir='ltr'><strong>recenset</strong></span> <span class='ocrx_word' id='word_1_82' title='bbox 960 1619 1053 1666; x_wconf 88' lang='lat' dir='ltr'><strong>onus.</strong></span> 
     </span>
     <span class='ocr_line' id='line_1_13' title="bbox 190 1704 1036 1792; baseline -0.006 -20"><span class='ocrx_word' id='word_1_83' title='bbox 190 1707 286 1773; x_wconf 90' lang='lat' dir='ltr'><strong>Nunc</strong></span> <span class='ocrx_word' id='word_1_84' title='bbox 306 1713 340 1773; x_wconf 91' lang='lat' dir='ltr'><strong>te</strong></span> <span class='ocrx_word' id='word_1_85' title='bbox 364 1705 559 1792; x_wconf 79' lang='lat' dir='ltr'><strong>possideant</strong></span> <span class='ocrx_word' id='word_1_86' title='bbox 580 1705 684 1770; x_wconf 82' lang='lat' dir='ltr'><strong>aliae:</strong></span> <span class='ocrx_word' id='word_1_87' title='bbox 707 1723 782 1771; x_wconf 88' lang='lat' dir='ltr'><strong>mox</strong></span> <span class='ocrx_word' id='word_1_88' title='bbox 805 1705 880 1771; x_wconf 90' lang='lat' dir='ltr'><strong>sola</strong></span> <span class='ocrx_word' id='word_1_89' title='bbox 901 1704 1036 1769; x_wconf 86' lang='lat' dir='ltr'><strong>tenebo:</strong></span> 
     </span>
     <span class='ocr_line' id='line_1_14' title="bbox 230 1805 1071 1891; baseline -0.002 -17"><span class='ocrx_word' id='word_1_90' title='bbox 230 1807 359 1876; x_wconf 86' lang='lat' dir='ltr'><strong>Mecum</strong></span> <span class='ocrx_word' id='word_1_91' title='bbox 381 1811 467 1891; x_wconf 87' lang='lat' dir='ltr'><strong>eris,</strong></span> <span class='ocrx_word' id='word_1_92' title='bbox 488 1814 522 1875; x_wconf 91' lang='lat' dir='ltr'><strong>et</strong></span> <span class='ocrx_word' id='word_1_93' title='bbox 542 1806 656 1874; x_wconf 74' lang='lat' dir='ltr'><strong>mixtis</strong></span> <span class='ocrx_word' id='word_1_94' title='bbox 678 1808 811 1874; x_wconf 88' lang='lat' dir='ltr'><strong>ossibus</strong></span> <span class='ocrx_word' id='word_1_95' title='bbox 832 1825 912 1876; x_wconf 87' lang='lat' dir='ltr'><strong>ossa</strong></span> <span class='ocrx_word' id='word_1_96' title='bbox 932 1805 1071 1873; x_wconf 86' lang='lat' dir='ltr'><strong>teron.“</strong></span> 
     </span>
     <span class='ocr_line' id='line_1_15' title="bbox 146 1911 1113 2000; baseline -0.004 -22"><span class='ocrx_word' id='word_1_97' title='bbox 146 1923 172 1968; x_wconf 74' lang='lat'><strong>⁸⁵</strong></span> <span class='ocrx_word' id='word_1_98' title='bbox 189 1911 283 1978; x_wconf 86' lang='lat' dir='ltr'><strong>Haec</strong></span> <span class='ocrx_word' id='word_1_99' title='bbox 304 1919 478 1999; x_wconf 87' lang='lat' dir='ltr'><strong>postquam</strong></span> <span class='ocrx_word' id='word_1_100' title='bbox 500 1913 637 2000; x_wconf 84' lang='lat' dir='ltr'><strong>querulo</strong></span> <span class='ocrx_word' id='word_1_101' title='bbox 658 1930 784 1978; x_wconf 89' lang='lat' dir='ltr'><strong>mecum</strong></span> <span class='ocrx_word' id='word_1_102' title='bbox 806 1913 867 1980; x_wconf 92' lang='lat' dir='ltr'><strong>sub</strong></span> <span class='ocrx_word' id='word_1_103' title='bbox 888 1913 947 1978; x_wconf 88' lang='lat' dir='ltr'><strong>lite</strong></span> <span class='ocrx_word' id='word_1_104' title='bbox 970 1911 1113 1999; x_wconf 82' lang='lat' dir='ltr'><strong>peregit,</strong></span> 
     </span>
     <span class='ocr_line' id='line_1_16' title="bbox 119 2012 937 2101; baseline 0.004 -23"><span class='ocrx_word' id='word_1_105' title='bbox 119 2026 123 2036; x_wconf 76' lang='grc'><em>’</em></span> <span class='ocrx_word' id='word_1_106' title='bbox 229 2013 321 2081; x_wconf 87' lang='lat' dir='ltr'><strong>Inter</strong></span> <span class='ocrx_word' id='word_1_107' title='bbox 341 2015 532 2101; x_wconf 83' lang='lat' dir='ltr'><strong>conplexus</strong></span> <span class='ocrx_word' id='word_1_108' title='bbox 555 2012 681 2082; x_wconf 86' lang='lat' dir='ltr'><strong>excidit</strong></span> <span class='ocrx_word' id='word_1_109' title='bbox 703 2016 816 2082; x_wconf 87' lang='lat' dir='ltr'><strong>umbra</strong></span> <span class='ocrx_word' id='word_1_110' title='bbox 837 2031 937 2081; x_wconf 88' lang='lat' dir='ltr'><strong>meos.</strong></span> 
     </span>
    </p>
   </div>
   <div class='ocr_carea' id='block_1_3' title="bbox 626 2224 720 2300">
    <p class='ocr_par' dir='ltr' id='par_1_3' title="bbox 626 2224 720 2300">
     <span class='ocr_line' id='line_1_17' title="bbox 626 2224 720 2300; baseline 0 -2"><span class='ocrx_word' id='word_1_111' title='bbox 626 2224 720 2300; x_wconf 89' lang='lat' dir='ltr'><strong><em>Vlll.</em></strong></span> 
     </span>
    </p>
   </div>
   <div class='ocr_carea' id='block_1_4' title="bbox 184 2348 1153 2455">
    <p class='ocr_par' dir='ltr' id='par_1_4' title="bbox 184 2348 1153 2455">
     <span class='ocr_line' id='line_1_18' title="bbox 184 2348 1153 2455; baseline -0.001 -21"><span class='ocrx_word' id='word_1_112' title='bbox 184 2348 331 2446; x_wconf 76' lang='lat' dir='ltr'><strong>Disce,</strong></span> <span class='ocrx_word' id='word_1_113' title='bbox 353 2362 431 2450; x_wconf 84' lang='lat' dir='ltr'><strong>quId</strong></span> <span class='ocrx_word' id='word_1_114' title='bbox 452 2363 625 2452; x_wconf 83' lang='lat' dir='ltr'><strong>Esquilias</strong></span> <span class='ocrx_word' id='word_1_115' title='bbox 646 2364 710 2431; x_wconf 81' lang='lat' dir='ltr'><strong>hec</strong></span> <span class='ocrx_word' id='word_1_116' title='bbox 731 2375 827 2433; x_wconf 89' lang='lat' dir='ltr'><strong>noete</strong></span> <span class='ocrx_word' id='word_1_117' title='bbox 846 2367 971 2455; x_wconf 76' lang='lat' dir='ltr'><strong>tugurio</strong></span> <span class='ocrx_word' id='word_1_118' title='bbox 993 2383 1153 2453; x_wconf 87' lang='lat' dir='ltr'><strong>aquosas,</strong></span> 
     </span>
    </p>
   </div>
   <div class='ocr_carea' id='block_1_5' title="bbox 154 2468 1146 3175">
    <p class='ocr_par' dir='ltr' id='par_1_5' title="bbox 154 2468 1146 3175">
     <span class='ocr_line' id='line_1_19' title="bbox 227 2468 972 2558; baseline -0.001 -23"><span class='ocrx_word' id='word_1_119' title='bbox 227 2468 309 2535; x_wconf 85' lang='lat' dir='ltr'><strong>Cum</strong></span> <span class='ocrx_word' id='word_1_120' title='bbox 330 2470 441 2533; x_wconf 86' lang='lat' dir='ltr'><strong>vicina</strong></span> <span class='ocrx_word' id='word_1_121' title='bbox 461 2472 560 2534; x_wconf 87' lang='lat' dir='ltr'><strong>novis</strong></span> <span class='ocrx_word' id='word_1_122' title='bbox 584 2469 681 2536; x_wconf 90' lang='lat' dir='ltr'><strong>turba</strong></span> <span class='ocrx_word' id='word_1_123' title='bbox 702 2472 844 2535; x_wconf 85' lang='lat' dir='ltr'><strong>cucurrit</strong></span> <span class='ocrx_word' id='word_1_124' title='bbox 868 2470 972 2558; x_wconf 82' lang='lat' dir='ltr'><strong>egris.</strong></span> 
     </span>
     <span class='ocr_line' id='line_1_20' title="bbox 184 2571 1010 2655; baseline -0.004 -16"><span class='ocrx_word' id='word_1_125' title='bbox 184 2572 368 2639; x_wconf 81' lang='lat' dir='ltr'><strong>Lanuvium</strong></span> <span class='ocrx_word' id='word_1_126' title='bbox 389 2573 507 2637; x_wconf 89' lang='lat' dir='ltr'><strong>annosi</strong></span> <span class='ocrx_word' id='word_1_127' title='bbox 527 2577 627 2638; x_wconf 86' lang='lat' dir='ltr'><strong>vetus</strong></span> <span class='ocrx_word' id='word_1_128' title='bbox 648 2577 702 2638; x_wconf 89' lang='lat' dir='ltr'><strong>est</strong></span> <span class='ocrx_word' id='word_1_129' title='bbox 722 2572 825 2637; x_wconf 87' lang='lat' dir='ltr'><strong>tutela</strong></span> <span class='ocrx_word' id='word_1_130' title='bbox 846 2571 1010 2655; x_wconf 79' lang='lat' dir='ltr'><strong>draconis,</strong></span> 
     </span>
     <span class='ocr_line' id='line_1_21' title="bbox 225 2674 1014 2763; baseline -0.008 -18"><span class='ocrx_word' id='word_1_131' title='bbox 225 2677 290 2745; x_wconf 81' lang='lat' dir='ltr'><strong>nu</strong></span> <span class='ocrx_word' id='word_1_132' title='bbox 312 2677 454 2742; x_wconf 89' lang='lat' dir='ltr'><strong>ubitam</strong></span> <span class='ocrx_word' id='word_1_133' title='bbox 476 2692 574 2741; x_wconf 79' lang='lat' dir='ltr'><strong>rarae</strong></span> <span class='ocrx_word' id='word_1_134' title='bbox 595 2693 660 2742; x_wconf 93' lang='lat' dir='ltr'><strong>non</strong></span> <span class='ocrx_word' id='word_1_135' title='bbox 682 2679 768 2763; x_wconf 90' lang='lat' dir='ltr'><strong>perit</strong></span> <span class='ocrx_word' id='word_1_136' title='bbox 788 2674 870 2741; x_wconf 85' lang='lat' dir='ltr'><strong>hora</strong></span> <span class='ocrx_word' id='word_1_137' title='bbox 892 2691 1014 2757; x_wconf 89' lang='lat' dir='ltr'><strong>morae,</strong></span> 
     </span>
     <span class='ocr_line' id='line_1_22' title="bbox 154 2777 1007 2865; baseline 0.004 -25"><span class='ocrx_word' id='word_1_138' title='bbox 154 2779 259 2863; x_wconf 78' lang='lat' dir='ltr'><strong>oQua</strong></span> <span class='ocrx_word' id='word_1_139' title='bbox 279 2797 377 2845; x_wconf 87' lang='lat' dir='ltr'><strong>sacer</strong></span> <span class='ocrx_word' id='word_1_140' title='bbox 397 2779 556 2865; x_wconf 81' lang='lat' dir='ltr'><strong>abripitur</strong></span> <span class='ocrx_word' id='word_1_141' title='bbox 574 2796 675 2848; x_wconf 89' lang='lat' dir='ltr'><strong>caeco</strong></span> <span class='ocrx_word' id='word_1_142' title='bbox 696 2779 882 2848; x_wconf 86' lang='lat' dir='ltr'><strong>descensus</strong></span> <span class='ocrx_word' id='word_1_143' title='bbox 903 2777 1007 2860; x_wconf 87' lang='lat' dir='ltr'><strong>hiatu,</strong></span> 
     </span>
     <span class='ocr_line' id='line_1_23' title="bbox 227 2881 1146 2971; baseline -0.004 -23"><span class='ocrx_word' id='word_1_144' title='bbox 227 2881 301 2964; x_wconf 79' lang='lat' dir='ltr'><strong>Quo</strong></span> <span class='ocrx_word' id='word_1_145' title='bbox 323 2887 537 2967; x_wconf 88' lang='lat' dir='ltr'><strong>penetrat-</strong></span> <span class='ocrx_word' id='word_1_146' title='bbox 555 2883 670 2971; x_wconf 84' lang='lat' dir='ltr'><strong>virgo,</strong></span> <span class='ocrx_word' id='word_1_147' title='bbox 692 2883 761 2950; x_wconf 86' lang='lat' dir='ltr'><strong>tate</strong></span> <span class='ocrx_word' id='word_1_148' title='bbox 782 2883 846 2949; x_wconf 88' lang='lat' dir='ltr'><strong>iter</strong></span> <span class='ocrx_word' id='word_1_149' title='bbox 868 2898 962 2947; x_wconf 90' lang='lat' dir='ltr'><strong>omne</strong></span> <span class='ocrx_word' id='word_1_150' title='bbox 983 2883 1082 2970; x_wconf 88' lang='lat' dir='ltr'><strong>cave!</strong></span> <span class='ocrx_word' id='word_1_151' title='bbox 1104 2915 1146 2927; x_wconf 89' lang='lat'><strong>·—</strong></span> 
     </span>
     <span class='ocr_line' id='line_1_24' title="bbox 182 2983 984 3071; baseline -0.002 -19"><span class='ocrx_word' id='word_1_152' title='bbox 182 2985 288 3053; x_wconf 90' lang='lat' dir='ltr'><strong>Ieiuni</strong></span> <span class='ocrx_word' id='word_1_153' title='bbox 309 2985 474 3071; x_wconf 91' lang='lat' dir='ltr'><strong>serpentis</strong></span> <span class='ocrx_word' id='word_1_154' title='bbox 496 2983 618 3067; x_wconf 91' lang='lat' dir='ltr'><strong>honos,</strong></span> <span class='ocrx_word' id='word_1_155' title='bbox 640 3004 712 3052; x_wconf 88' lang='lat' dir='ltr'><strong>eum</strong></span> <span class='ocrx_word' id='word_1_156' title='bbox 735 2986 854 3071; x_wconf 84' lang='lat' dir='ltr'><strong>pabula</strong></span> <span class='ocrx_word' id='word_1_157' title='bbox 875 2983 984 3070; x_wconf 82' lang='lat' dir='ltr'><strong>poscIt</strong></span> 
     </span>
     <span class='ocr_line' id='line_1_25' title="bbox 225 3085 960 3175; baseline -0.005 -20"><span class='ocrx_word' id='word_1_158' title='bbox 225 3088 348 3155; x_wconf 85' lang='lat' dir='ltr'><strong>Annua</strong></span> <span class='ocrx_word' id='word_1_159' title='bbox 368 3091 403 3153; x_wconf 91' lang='lat' dir='ltr'><strong>et</strong></span> <span class='ocrx_word' id='word_1_160' title='bbox 424 3103 468 3152; x_wconf 87' lang='lat' dir='ltr'><strong>ex</strong></span> <span class='ocrx_word' id='word_1_161' title='bbox 494 3088 561 3152; x_wconf 85' lang='lat' dir='ltr'><strong>ima</strong></span> <span class='ocrx_word' id='word_1_162' title='bbox 581 3087 679 3155; x_wconf 87' lang='lat' dir='ltr'><strong>sibila</strong></span> <span class='ocrx_word' id='word_1_163' title='bbox 700 3093 831 3175; x_wconf 80' lang='lat' dir='ltr'><strong>torquet</strong></span> <span class='ocrx_word' id='word_1_164' title='bbox 852 3085 960 3152; x_wconf 90' lang='lat' dir='ltr'><strong>humo.</strong></span> 
     </span>
    </p>
   </div>
   <div class='ocr_carea' id='block_1_6' title="bbox 137 3333 1207 3830">
    <p class='ocr_par' dir='ltr' id='par_1_6' title="bbox 137 3333 1207 3830">
     <span class='ocr_line' id='line_1_26' title="bbox 209 3333 1207 3408; baseline -0.003 -15"><span class='ocrx_word' id='word_1_165' title='bbox 209 3343 253 3395; x_wconf 82' lang='lat'><strong><em>82.</em></strong></span> <span class='ocrx_word' id='word_1_166' title='bbox 269 3337 377 3392; x_wconf 87' lang='lat' dir='ltr'><strong>nomine</strong></span> <span class='ocrx_word' id='word_1_167' title='bbox 398 3339 430 3394; x_wconf 93' lang='lat' dir='ltr'><strong><em>V.</em></strong></span> <span class='ocrx_word' id='word_1_168' title='bbox 441 3339 493 3406; x_wconf 83' lang='grc' dir='ltr'><strong>Μ.,</strong></span> <span class='ocrx_word' id='word_1_169' title='bbox 510 3354 581 3392; x_wconf 67' lang='lat' dir='ltr'><strong>am.</strong></span> <span class='ocrx_word' id='word_1_170' title='bbox 592 3337 647 3408; x_wconf 72' lang='lat' dir='ltr'><strong>Hb.</strong></span> <span class='ocrx_word' id='word_1_171' title='bbox 664 3339 733 3394; x_wconf 84' lang='lat' dir='ltr'><strong>fallit</strong></span> <span class='ocrx_word' id='word_1_172' title='bbox 749 3339 790 3394; x_wconf 86' lang='lat' dir='ltr'><strong><em>M.</em></strong></span> <span class='ocrx_word' id='word_1_173' title='bbox 859 3343 902 3394; x_wconf 79' lang='grc'><strong>83.</strong></span> <span class='ocrx_word' id='word_1_174' title='bbox 922 3338 982 3392; x_wconf 89' lang='lat' dir='ltr'><strong>Hoc</strong></span> <span class='ocrx_word' id='word_1_175' title='bbox 1000 3352 1039 3405; x_wconf 81' lang='lat' dir='ltr'><strong>e.,</strong></span> <span class='ocrx_word' id='word_1_176' title='bbox 1058 3333 1111 3387; x_wconf 82' lang='lat' dir='ltr'><strong>Hic</strong></span> <span class='ocrx_word' id='word_1_177' title='bbox 1126 3335 1159 3392; x_wconf 88' lang='lat' dir='ltr'><strong>n.</strong></span> <span class='ocrx_word' id='word_1_178' title='bbox 1170 3338 1207 3392; x_wconf 82' lang='lat' dir='ltr'><strong><em>H.</em></strong></span> 
     </span>
     <span class='ocr_line' id='line_1_27' title="bbox 144 3413 1207 3488; baseline -0.004 -10"><span class='ocrx_word' id='word_1_179' title='bbox 144 3426 177 3481; x_wconf 90' lang='lat' dir='ltr'><strong><em>V.</em></strong></span> <span class='ocrx_word' id='word_1_180' title='bbox 192 3425 232 3478; x_wconf 83' lang='lat' dir='ltr'><strong><em>M.</em></strong></span> <span class='ocrx_word' id='word_1_181' title='bbox 299 3426 342 3480; x_wconf 74' lang='grc'><strong>81.</strong></span> <span class='ocrx_word' id='word_1_182' title='bbox 360 3413 456 3476; x_wconf 62' lang='lat' dir='ltr'><strong>&#39;currus‘</strong></span> <span class='ocrx_word' id='word_1_183' title='bbox 470 3429 507 3478; x_wconf 86' lang='lat' dir='ltr'><strong><em>H.</em></strong></span> <span class='ocrx_word' id='word_1_184' title='bbox 526 3427 555 3478; x_wconf 94' lang='lat' dir='ltr'><strong><em>V.</em></strong></span> <span class='ocrx_word' id='word_1_185' title='bbox 624 3428 667 3480; x_wconf 80' lang='lat'><strong><em>8⁵.</em></strong></span> <span class='ocrx_word' id='word_1_186' title='bbox 684 3426 737 3479; x_wconf 86' lang='lat' dir='ltr'><strong>Sed</strong></span> <span class='ocrx_word' id='word_1_187' title='bbox 756 3426 861 3481; x_wconf 77' lang='lat' dir='ltr'><strong>tiburno</strong></span> <span class='ocrx_word' id='word_1_188' title='bbox 878 3424 947 3478; x_wconf 78' lang='lat' dir='ltr'><strong>iacet</strong></span> <span class='ocrx_word' id='word_1_189' title='bbox 964 3423 1008 3477; x_wconf 89' lang='lat' dir='ltr'><strong>hic</strong></span> <span class='ocrx_word' id='word_1_190' title='bbox 1023 3427 1059 3478; x_wconf 89' lang='lat' dir='ltr'><strong>N.</strong></span> <span class='ocrx_word' id='word_1_191' title='bbox 1075 3419 1140 3488; x_wconf 73' lang='lat' dir='ltr'><strong>Hb,</strong></span> <span class='ocrx_word' id='word_1_192' title='bbox 1158 3419 1207 3474; x_wconf 86' lang='lat' dir='ltr'><strong>&#39;Ii-</strong></span> 
     </span>
     <span class='ocr_line' id='line_1_28' title="bbox 140 3505 1205 3579; baseline -0.006 -15"><span class='ocrx_word' id='word_1_193' title='bbox 140 3509 248 3564; x_wconf 84' lang='lat' dir='ltr'><strong>burtina</strong></span> <span class='ocrx_word' id='word_1_194' title='bbox 265 3509 335 3561; x_wconf 85' lang='lat' dir='ltr'><strong>iacet</strong></span> <span class='ocrx_word' id='word_1_195' title='bbox 355 3509 405 3560; x_wconf 86' lang='lat' dir='ltr'><strong>hac</strong></span> <span class='ocrx_word' id='word_1_196' title='bbox 425 3511 456 3562; x_wconf 74' lang='lat' dir='ltr'><strong><em>G.</em></strong></span> <span class='ocrx_word' id='word_1_197' title='bbox 468 3511 499 3560; x_wconf 88' lang='grc' dir='ltr'><strong>Ρ.</strong></span> <span class='ocrx_word' id='word_1_198' title='bbox 510 3513 544 3564; x_wconf 88' lang='lat' dir='ltr'><strong>D.</strong></span> <span class='ocrx_word' id='word_1_199' title='bbox 559 3516 596 3564; x_wconf 90' lang='lat' dir='ltr'><strong><em>H.</em></strong></span> <span class='ocrx_word' id='word_1_200' title='bbox 607 3528 632 3566; x_wconf 78' lang='lat' dir='ltr'><strong><em>r.</em></strong></span> <span class='ocrx_word' id='word_1_201' title='bbox 648 3512 679 3568; x_wconf 92' lang='lat' dir='ltr'><strong><em>V.</em></strong></span> <span class='ocrx_word' id='word_1_202' title='bbox 693 3513 732 3564; x_wconf 82' lang='lat' dir='ltr'><strong><em>M.</em></strong></span> <span class='ocrx_word' id='word_1_203' title='bbox 752 3511 888 3579; x_wconf 68' lang='lat' dir='ltr'><strong>diopuoo</strong></span> <span class='ocrx_word' id='word_1_204' title='bbox 905 3511 934 3562; x_wconf 83' lang='lat' dir='ltr'><strong>in</strong></span> <span class='ocrx_word' id='word_1_205' title='bbox 949 3509 1038 3578; x_wconf 80' lang='lat' dir='ltr'><strong>prium</strong></span> <span class='ocrx_word' id='word_1_206' title='bbox 1055 3520 1131 3560; x_wconf 80' lang='lat' dir='ltr'><strong>voce:</strong></span> <span class='ocrx_word' id='word_1_207' title='bbox 1149 3505 1205 3570; x_wconf 76' lang='lat' dir='ltr'><strong>Ty.</strong></span> 
     </span>
     <span class='ocr_line' id='line_1_29' title="bbox 137 3589 1205 3664; baseline -0.003 -18"><span class='ocrx_word' id='word_1_208' title='bbox 137 3592 246 3646; x_wconf 84' lang='lat' dir='ltr'><strong>burtina</strong></span> <span class='ocrx_word' id='word_1_209' title='bbox 262 3592 348 3657; x_wconf 60' lang='grc' dir='ltr'><strong>(ΗΜ,</strong></span> <span class='ocrx_word' id='word_1_210' title='bbox 370 3589 500 3644; x_wconf 62' lang='lat' dir='ltr'><strong>&#39;liburnia</strong></span> <span class='ocrx_word' id='word_1_211' title='bbox 515 3595 545 3644; x_wconf 96' lang='lat' dir='ltr'><strong><em>V.</em></strong></span> <span class='ocrx_word' id='word_1_212' title='bbox 558 3593 607 3661; x_wconf 67' lang='lat' dir='ltr'><strong>M„</strong></span> <span class='ocrx_word' id='word_1_213' title='bbox 626 3594 763 3662; x_wconf 74' lang='lat' dir='ltr'><strong>Tyburiua</strong></span> <span class='ocrx_word' id='word_1_214' title='bbox 776 3613 811 3664; x_wconf 69' lang='lat' dir='ltr'><strong>n,</strong></span> <span class='ocrx_word' id='word_1_215' title='bbox 838 3601 863 3648; x_wconf 85' lang='lat' dir='ltr'><strong>et</strong></span> <span class='ocrx_word' id='word_1_216' title='bbox 882 3611 932 3664; x_wconf 78' lang='lat' dir='ltr'><strong>pro</strong></span> <span class='ocrx_word' id='word_1_217' title='bbox 948 3591 999 3646; x_wconf 82' lang='lat' dir='ltr'><strong>heo</strong></span> <span class='ocrx_word' id='word_1_218' title='bbox 1014 3621 1048 3631; x_wconf 96' lang='lat'>-</span> <span class='ocrx_word' id='word_1_219' title='bbox 1065 3591 1108 3644; x_wconf 86' lang='lat' dir='ltr'><strong>tric</strong></span> <span class='ocrx_word' id='word_1_220' title='bbox 1127 3594 1156 3647; x_wconf 92' lang='lat' dir='ltr'><strong><em>V.</em></strong></span> <span class='ocrx_word' id='word_1_221' title='bbox 1166 3593 1205 3644; x_wconf 85' lang='grc' dir='ltr'><strong>Μ.</strong></span> 
     </span>
     <span class='ocr_line' id='line_1_30' title="bbox 140 3673 1207 3744; baseline -0.004 -14"><span class='ocrx_word' id='word_1_222' title='bbox 140 3677 199 3730; x_wconf 84' lang='lat' dir='ltr'><strong>Hac</strong></span> <span class='ocrx_word' id='word_1_223' title='bbox 216 3673 346 3728; x_wconf 85' lang='lat' dir='ltr'><strong>Tiburnia</strong></span> <span class='ocrx_word' id='word_1_224' title='bbox 368 3673 438 3726; x_wconf 87' lang='lat' dir='ltr'><strong>iacet</strong></span> <span class='ocrx_word' id='word_1_225' title='bbox 459 3692 501 3744; x_wconf 72' lang='grc' dir='ltr'><strong>ιι,</strong></span> <span class='ocrx_word' id='word_1_226' title='bbox 525 3675 655 3731; x_wconf 83' lang='lat' dir='ltr'><strong>Tiburina</strong></span> <span class='ocrx_word' id='word_1_227' title='bbox 674 3679 743 3732; x_wconf 86' lang='lat' dir='ltr'><strong>iacet</strong></span> <span class='ocrx_word' id='word_1_228' title='bbox 764 3677 807 3732; x_wconf 87' lang='lat' dir='ltr'><strong>hic</strong></span> <span class='ocrx_word' id='word_1_229' title='bbox 823 3695 858 3733; x_wconf 80' lang='lat' dir='ltr'><strong><em>m.</em></strong></span> <span class='ocrx_word' id='word_1_230' title='bbox 876 3696 899 3733; x_wconf 85' lang='lat' dir='ltr'><strong>s.</strong></span> <span class='ocrx_word' id='word_1_231' title='bbox 917 3675 970 3732; x_wconf 83' lang='lat' dir='ltr'><strong>Hb.</strong></span> <span class='ocrx_word' id='word_1_232' title='bbox 1046 3679 1090 3730; x_wconf 86' lang='grc'><strong>86.</strong></span> <span class='ocrx_word' id='word_1_233' title='bbox 1111 3674 1207 3726; x_wconf 77' lang='lat' dir='ltr'><strong>autaue</strong></span> 
     </span>
     <span class='ocr_line' id='line_1_31' title="bbox 137 3757 1205 3830; baseline -0.005 -16"><span class='ocrx_word' id='word_1_234' title='bbox 137 3769 174 3820; x_wconf 88' lang='lat' dir='ltr'><strong><em>N.</em></strong></span> <span class='ocrx_word' id='word_1_235' title='bbox 186 3761 250 3830; x_wconf 75' lang='lat' dir='ltr'><strong>Hb,</strong></span> <span class='ocrx_word' id='word_1_236' title='bbox 268 3775 361 3813; x_wconf 80' lang='lat' dir='ltr'><strong>amane</strong></span> <span class='ocrx_word' id='word_1_237' title='bbox 375 3762 416 3828; x_wconf 90' lang='lat' dir='ltr'><strong><em>V.‚</em></strong></span> <span class='ocrx_word' id='word_1_238' title='bbox 433 3776 526 3813; x_wconf 84' lang='lat' dir='ltr'><strong>amone</strong></span> <span class='ocrx_word' id='word_1_239' title='bbox 543 3764 575 3818; x_wconf 83' lang='lat' dir='ltr'><strong>td.</strong></span> <span class='ocrx_word' id='word_1_240' title='bbox 644 3767 687 3820; x_wconf 81' lang='grc'><strong>87.</strong></span> <span class='ocrx_word' id='word_1_241' title='bbox 704 3763 871 3819; x_wconf 80' lang='lat' dir='ltr'><strong>vehementia</strong></span> <span class='ocrx_word' id='word_1_242' title='bbox 888 3763 919 3818; x_wconf 93' lang='lat' dir='ltr'><strong><em>V.</em></strong></span> <span class='ocrx_word' id='word_1_243' title='bbox 987 3763 1031 3818; x_wconf 88' lang='grc'><strong>88.</strong></span> <span class='ocrx_word' id='word_1_244' title='bbox 1048 3761 1135 3817; x_wconf 77' lang='lat' dir='ltr'><strong>Quom</strong></span> <span class='ocrx_word' id='word_1_245' title='bbox 1151 3757 1205 3814; x_wconf 75' lang='lat' dir='ltr'><strong>[Id.</strong></span> 
     </span>
    </p>
   </div>
   <div class='ocr_carea' id='block_1_7' title="bbox 26 3847 1204 3921">
    <p class='ocr_par' dir='ltr' id='par_1_7' title="bbox 26 3847 1204 3921">
     <span class='ocr_line' id='line_1_32' title="bbox 26 3847 1204 3921; baseline -0.005 -18"><span class='ocrx_word' id='word_1_246' title='bbox 26 3913 28 3921; x_wconf 50' lang='lat'><strong><em>.</em></strong></span> <span class='ocrx_word' id='word_1_247' title='bbox 137 3855 180 3903; x_wconf 79' lang='lat' dir='ltr'><strong>at.</strong></span> <span class='ocrx_word' id='word_1_248' title='bbox 199 3850 290 3902; x_wconf 84' lang='lat' dir='ltr'><strong>cerula</strong></span> <span class='ocrx_word' id='word_1_249' title='bbox 306 3853 361 3914; x_wconf 78' lang='lat'><strong><em>11..</em></strong></span> <span class='ocrx_word' id='word_1_250' title='bbox 384 3850 492 3916; x_wconf 82' lang='lat' dir='ltr'><strong>querela</strong></span> <span class='ocrx_word' id='word_1_251' title='bbox 512 3852 544 3902; x_wconf 82' lang='lat' dir='ltr'><strong>o.</strong></span> <span class='ocrx_word' id='word_1_252' title='bbox 569 3849 618 3904; x_wconf 75' lang='lat' dir='ltr'><strong>tub</strong></span> <span class='ocrx_word' id='word_1_253' title='bbox 635 3865 701 3905; x_wconf 79' lang='lat' dir='ltr'><strong>noce</strong></span> <span class='ocrx_word' id='word_1_254' title='bbox 718 3867 761 3920; x_wconf 69' lang='lat' dir='ltr'><strong>rt,</strong></span> <span class='ocrx_word' id='word_1_255' title='bbox 785 3852 835 3907; x_wconf 82' lang='lat' dir='ltr'><strong>sub</strong></span> <span class='ocrx_word' id='word_1_256' title='bbox 853 3849 901 3904; x_wconf 87' lang='lat' dir='ltr'><strong>lite</strong></span> <span class='ocrx_word' id='word_1_257' title='bbox 919 3851 953 3902; x_wconf 89' lang='lat' dir='ltr'><strong>n.</strong></span> <span class='ocrx_word' id='word_1_258' title='bbox 971 3853 1008 3902; x_wconf 87' lang='lat' dir='ltr'><strong><em>H.</em></strong></span> <span class='ocrx_word' id='word_1_259' title='bbox 1030 3849 1060 3900; x_wconf 90' lang='lat' dir='ltr'><strong>V.</strong></span> <span class='ocrx_word' id='word_1_260' title='bbox 1078 3847 1118 3902; x_wconf 88' lang='grc' dir='ltr'><strong>Μ.</strong></span> <span class='ocrx_word' id='word_1_261' title='bbox 1144 3859 1204 3914; x_wconf 84' lang='lat' dir='ltr'><strong>pet-</strong></span> 
     </span>
    </p>
   </div>
   <div class='ocr_carea' id='block_1_8' title="bbox 133 3932 1205 4450">
    <p class='ocr_par' dir='ltr' id='par_1_8' title="bbox 138 3932 232 3999">
     <span class='ocr_line' id='line_1_33' title="bbox 138 3932 232 3999; baseline -0.021 -15"><span class='ocrx_word' id='word_1_262' title='bbox 138 3932 177 3999; x_wconf 82' lang='lat' dir='ltr'><strong>git</strong></span> <span class='ocrx_word' id='word_1_263' title='bbox 196 3935 232 3984; x_wconf 90' lang='grc' dir='ltr'><strong>Ν.</strong></span> 
     </span>
    </p>

    <p class='ocr_par' dir='ltr' id='par_1_9' title="bbox 133 4031 1205 4450">
     <span class='ocr_line' id='line_1_34' title="bbox 206 4031 1203 4102; baseline -0.007 -16"><span class='ocrx_word' id='word_1_264' title='bbox 206 4034 285 4102; x_wconf 91' lang='lat' dir='ltr'><strong>VIII,</strong></span> <span class='ocrx_word' id='word_1_265' title='bbox 305 4040 329 4086; x_wconf 92' lang='lat'><strong><em>1.</em></strong></span> <span class='ocrx_word' id='word_1_266' title='bbox 348 4034 478 4102; x_wconf 76' lang='lat' dir='ltr'><strong>exquiliae</strong></span> <span class='ocrx_word' id='word_1_267' title='bbox 496 4038 531 4094; x_wconf 84' lang='lat' dir='ltr'><strong>It.</strong></span> <span class='ocrx_word' id='word_1_268' title='bbox 542 4039 574 4092; x_wconf 83' lang='grc' dir='ltr'><strong>Δ.</strong></span> <span class='ocrx_word' id='word_1_269' title='bbox 589 4037 643 4092; x_wconf 82' lang='lat' dir='ltr'><strong>Hb.</strong></span> <span class='ocrx_word' id='word_1_270' title='bbox 705 4043 731 4090; x_wconf 82' lang='lat'><strong><em>2.</em></strong></span> <span class='ocrx_word' id='word_1_271' title='bbox 750 4039 837 4095; x_wconf 80' lang='lat' dir='ltr'><strong>Quom</strong></span> <span class='ocrx_word' id='word_1_272' title='bbox 855 4037 911 4088; x_wconf 81' lang='lat' dir='ltr'><strong>Hb.</strong></span> <span class='ocrx_word' id='word_1_273' title='bbox 930 4032 1018 4102; x_wconf 77' lang='lat' dir='ltr'><strong>novis]</strong></span> <span class='ocrx_word' id='word_1_274' title='bbox 1036 4031 1102 4086; x_wconf 79' lang='lat' dir='ltr'><strong>nucis</strong></span> <span class='ocrx_word' id='word_1_275' title='bbox 1119 4034 1154 4084; x_wconf 83' lang='lat' dir='ltr'><strong><em>R.</em></strong></span> <span class='ocrx_word' id='word_1_276' title='bbox 1165 4046 1203 4096; x_wconf 72' lang='lat' dir='ltr'><strong>ru,</strong></span> 
     </span>
     <span class='ocr_line' id='line_1_35' title="bbox 136 4115 1205 4188; baseline -0.023 0"><span class='ocrx_word' id='word_1_277' title='bbox 136 4115 213 4172; x_wconf 65' lang='lat' dir='ltr'><strong>¹¹⁰bi⁸</strong></span> <span class='ocrx_word' id='word_1_278' title='bbox 231 4121 268 4170; x_wconf 74' lang='lat' dir='ltr'><strong>H·</strong></span> <span class='ocrx_word' id='word_1_279' title='bbox 288 4117 334 4184; x_wconf 61' lang='grc' dir='ltr'><strong>γη</strong></span> <span class='ocrx_word' id='word_1_280' title='bbox 352 4117 427 4170; x_wconf 69' lang='lat' dir='ltr'><strong>¹¹0Vi⁵</strong></span> <span class='ocrx_word' id='word_1_281' title='bbox 444 4120 479 4176; x_wconf 78' lang='lat' dir='ltr'><strong>D·</strong></span> <span class='ocrx_word' id='word_1_282' title='bbox 491 4122 531 4174; x_wconf 83' lang='grc' dir='ltr'><strong>Μ.</strong></span> <span class='ocrx_word' id='word_1_283' title='bbox 600 4127 626 4176; x_wconf 77' lang='grc'><strong>3.</strong></span> <span class='ocrx_word' id='word_1_284' title='bbox 644 4121 794 4176; x_wconf 75' lang='lat' dir='ltr'><strong>Laminium</strong></span> <span class='ocrx_word' id='word_1_285' title='bbox 811 4137 850 4188; x_wconf 85' lang='lat' dir='ltr'><strong>r.‚</strong></span> <span class='ocrx_word' id='word_1_286' title='bbox 869 4118 1009 4174; x_wconf 81' lang='lat' dir='ltr'><strong>Lavinium</strong></span> <span class='ocrx_word' id='word_1_287' title='bbox 1027 4119 1060 4173; x_wconf 83' lang='lat' dir='ltr'><strong>n.</strong></span> <span class='ocrx_word' id='word_1_288' title='bbox 1078 4119 1131 4182; x_wconf 63' lang='lat' dir='ltr'><strong>H„</strong></span> <span class='ocrx_word' id='word_1_289' title='bbox 1152 4116 1205 4164; x_wconf 81' lang='lat' dir='ltr'><strong>Le-</strong></span> 
     </span>
     <span class='ocr_line' id='line_1_36' title="bbox 135 4201 1201 4276; baseline -0.013 -13"><span class='ocrx_word' id='word_1_290' title='bbox 135 4201 210 4258; x_wconf 71' lang='lat' dir='ltr'><strong>ontii</strong></span> <span class='ocrx_word' id='word_1_291' title='bbox 229 4202 260 4254; x_wconf 78' lang='lat' dir='ltr'><strong>P·</strong></span> <span class='ocrx_word' id='word_1_292' title='bbox 276 4201 352 4258; x_wconf 68' lang='lat' dir='ltr'><strong>Perr-</strong></span> <span class='ocrx_word' id='word_1_293' title='bbox 370 4204 496 4270; x_wconf 76' lang='lat' dir='ltr'><strong>dragonis</strong></span> <span class='ocrx_word' id='word_1_294' title='bbox 512 4210 544 4260; x_wconf 81' lang='lat' dir='ltr'><strong>o.</strong></span> <span class='ocrx_word' id='word_1_295' title='bbox 613 4209 639 4262; x_wconf 81' lang='lat' dir='ltr'><strong>t.</strong></span> <span class='ocrx_word' id='word_1_296' title='bbox 657 4213 788 4262; x_wconf 79' lang='lat' dir='ltr'><strong>tartareae</strong></span> <span class='ocrx_word' id='word_1_297' title='bbox 806 4223 843 4276; x_wconf 71' lang='lat' dir='ltr'><strong>u„</strong></span> <span class='ocrx_word' id='word_1_298' title='bbox 863 4212 918 4260; x_wconf 83' lang='lat' dir='ltr'><strong>tarn</strong></span> <span class='ocrx_word' id='word_1_299' title='bbox 934 4220 1011 4258; x_wconf 81' lang='lat' dir='ltr'><strong>rarus</strong></span> <span class='ocrx_word' id='word_1_300' title='bbox 1028 4204 1104 4254; x_wconf 71' lang='lat' dir='ltr'><strong>Pero.</strong></span> <span class='ocrx_word' id='word_1_301' title='bbox 1117 4201 1150 4252; x_wconf 83' lang='lat' dir='ltr'><strong><em>D.</em></strong></span> <span class='ocrx_word' id='word_1_302' title='bbox 1166 4203 1201 4250; x_wconf 85' lang='lat' dir='ltr'><strong><em>H.</em></strong></span> 
     </span>
     <span class='ocr_line' id='line_1_37' title="bbox 138 4285 1204 4356; baseline -0.021 5"><span class='ocrx_word' id='word_1_303' title='bbox 138 4290 170 4341; x_wconf 70' lang='lat' dir='ltr'><strong>V·</strong></span> <span class='ocrx_word' id='word_1_304' title='bbox 183 4289 222 4339; x_wconf 72' lang='grc' dir='ltr'><strong>Μ·</strong></span> <span class='ocrx_word' id='word_1_305' title='bbox 239 4286 307 4354; x_wconf 60' lang='lat' dir='ltr'><strong>defit</strong></span> <span class='ocrx_word' id='word_1_306' title='bbox 320 4290 368 4356; x_wconf 69' lang='lat' dir='ltr'><strong>He</strong></span> <span class='ocrx_word' id='word_1_307' title='bbox 387 4289 456 4355; x_wconf 62' lang='lat' dir='ltr'><strong>I’ssrii</strong></span> <span class='ocrx_word' id='word_1_308' title='bbox 474 4292 505 4345; x_wconf 83' lang='lat' dir='ltr'><strong>V·</strong></span> <span class='ocrx_word' id='word_1_309' title='bbox 523 4308 570 4346; x_wconf 84' lang='lat' dir='ltr'><strong>ora</strong></span> <span class='ocrx_word' id='word_1_310' title='bbox 585 4295 666 4351; x_wconf 69' lang='grc'><strong>1111.</strong></span> <span class='ocrx_word' id='word_1_311' title='bbox 679 4295 711 4350; x_wconf 89' lang='lat' dir='ltr'><strong><em>V.</em></strong></span> <span class='ocrx_word' id='word_1_312' title='bbox 778 4299 804 4352; x_wconf 82' lang='grc'><strong>6.</strong></span> <span class='ocrx_word' id='word_1_313' title='bbox 823 4309 903 4348; x_wconf 83' lang='lat' dir='ltr'><strong>carae</strong></span> <span class='ocrx_word' id='word_1_314' title='bbox 917 4293 950 4346; x_wconf 81' lang='lat' dir='ltr'><strong>o.</strong></span> <span class='ocrx_word' id='word_1_315' title='bbox 1020 4295 1046 4346; x_wconf 81' lang='grc'><strong>1.</strong></span> <span class='ocrx_word' id='word_1_316' title='bbox 1062 4285 1204 4344; x_wconf 65' lang='lat' dir='ltr'><strong>burinint.</strong></span> 
     </span>
     <span class='ocr_line' id='line_1_38' title="bbox 133 4372 604 4450; baseline -0.011 -21"><span class='ocrx_word' id='word_1_317' title='bbox 133 4377 160 4429; x_wconf 86' lang='grc'><strong>8.</strong></span> <span class='ocrx_word' id='word_1_318' title='bbox 179 4389 233 4426; x_wconf 78' lang='lat' dir='ltr'><strong>una</strong></span> <span class='ocrx_word' id='word_1_319' title='bbox 251 4372 286 4428; x_wconf 88' lang='grc' dir='ltr'><strong>Ν.</strong></span> <span class='ocrx_word' id='word_1_320' title='bbox 305 4374 343 4428; x_wconf 82' lang='lat' dir='ltr'><strong><em>H.</em></strong></span> <span class='ocrx_word' id='word_1_321' title='bbox 365 4375 395 4428; x_wconf 78' lang='lat' dir='ltr'><strong><em>V.</em></strong></span> <span class='ocrx_word' id='word_1_322' title='bbox 414 4390 440 4434; x_wconf 77' lang='lat' dir='ltr'><strong><em>r.</em></strong></span> <span class='ocrx_word' id='word_1_323' title='bbox 461 4376 550 4450; x_wconf 62' lang='lat' dir='ltr'><strong>nihilis</strong></span> <span class='ocrx_word' id='word_1_324' title='bbox 566 4395 604 4448; x_wconf 47' lang='lat' dir='ltr'><strong>r,¹</strong></span> 
     </span>
    </p>
   </div>
   <div class='ocr_carea' id='block_1_9' title="bbox 0 0 1428 4972">
    <p class='ocr_par' dir='ltr' id='par_1_10' title="bbox 0 0 1428 4972">
     <span class='ocr_line' id='line_1_39' title="bbox 0 0 1428 4972; baseline 0 6"><span class='ocrx_word' id='word_1_325' title='bbox 0 0 1428 4972; x_wconf 95' lang='lat' dir='ltr'><strong> </strong></span> 
     </span>
    </p>
   </div>
  </div>
 </body>
</html>
