2822 4976
220 379 263 440 an
508 324 1006 443 rnornaruna.r,21.aa

242 542 350 628 'Quid
371 546 485 609 nostru
507 540 633 628 gemitu
654 539 823 626 turgentia
842 536 965 602 lumina
984 533 1147 623 torques?

303 647 389 714 Pars
412 664 477 734 ega
497 663 569 710 sum
591 650 730 709 vestrae
752 644 902 728 proxima
923 640 1068 708 militiae.

89 771 92 778 ·
161 739 164 744 ’
236 750 324 820 58ἱο
345 756 379 816 te
393 756 556 830 servata,
577 754 612 813 ut
633 747 764 833 possint
785 745 936 834 gaudere
956 736 1127 832 parentes,

307 853 381 918 Nec
400 869 493 917 seror
514 855 591 914 acta
613 850 679 914 tuis
702 849 825 912 sentiat
847 865 867 912 c
888 847 1049 912 lacrimis:

264 949 393 1020 Gallum
414 971 475 1040 per
495 951 621 1018 medios
643 959 789 1036 ereptum
810 949 970 1016 Caesaris
994 968 1096 1019 enses

304 1047 467 1143 Effugere
488 1056 622 1142 ignotas
645 1071 710 1117 nou
731 1036 881 1138 putuisse
903 1070 1031 1133 manus,

264 1157 312 1226 Et
334 1173 558 1245 quaecumque
580 1176 680 1241 super
703 1154 857 1242 dispersa
878 1157 1044 1221 invenerit
1065 1170 1148 1220 assa

214 1275 248 1342 ,1⁰
308 1262 476 1329 Montibus
497 1259 670 1343 EtrusciS,
693 1256 778 1326 haec
800 1256 886 1326 sciat
908 1275 988 1363 esse
1009 1275 1093 1325 mea.

693 1461 804 1536 XXII.

260 1586 398 1697 Qualis
421 1610 455 1672 et
478 1603 566 1670 uude
587 1606 786 1696 genuquui
805 1605 875 1669 sint
895 1600 985 1687 milri,
1007 1602 1113 1686 Tulle,
1130 1599 1291 1684 Penates,

305 1711 448 1794 Quaeris
470 1711 664 1796 prunestre
689 1727 820 1795 semper
843 1711 997 1775 amicitia.
1106 1733 1107 1736 ¹

263 1815 303 1885 Si
325 1817 487 1886 Perusina
508 1817 568 1881 tibi
589 1817 719 1900 patriae
741 1823 818 1880 suut
839 1822 918 1880 uota
938 1813 1103 1899 sepulcra,

302 1918 421 1985 Italiae
443 1917 534 1984 duris
556 1919 673 1984 funera
697 1919 910 2003 temporibus

131 2089 133 2097 ,
229 2020 343 2090 ⁵Cum
365 2024 516 2088 Romana
536 2041 617 2088 suns
640 2024 710 2110 egit
733 2019 899 2086 discordia
923 2020 1017 2086 cives
1093 2073 1098 2078 ,

304 2123 378 2206 (Sit
398 2121 476 2188 mihi
498 2126 693 2210 praecipue,
715 2124 824 2209 pulvis
840 2120 1010 2202 Etrusca,
1033 2117 1139 2185 dolor:

217 2302 219 2308 ,
260 2227 312 2293 Tu
334 2228 481 2322 proiecta
504 2228 568 2290 mei
589 2244 752 2312 perpessa
774 2243 812 2290 es
834 2227 979 2291 membra
999 2201 1182 2309 prdpinqui,

302 2331 354 2395 Tu
374 2325 462 2394 nulla
484 2331 596 2394 miseri
618 2330 770 2416 contegis
793 2347 874 2393 assa
897 2327 999 2411 solo),

260 2432 417 2499 Proxima
440 2434 611 2518 supposito
632 2435 827 2522 contingens
847 2431 983 2498 Umbria
1004 2446 1119 2515 campo

216 2550 244 2595 ru
302 2536 360 2601 Me
380 2537 497 2624 genuit
518 2538 617 2603 terris
639 2536 758 2602 fertilis
780 2535 945 2602 uberibus.

285 2767 312 2814 3.
332 2759 386 2817 Qui
407 2761 440 2814 G.
459 2767 484 2813 et
497 2778 539 2829 pr.
555 2777 589 2813 m.
603 2760 655 2817 Hb.
673 2757 767 2813 limina
779 2731 828 2814 M.
890 2761 917 2813 ll.
936 2757 991 2810 Par
1009 2740 1167 2810 [nostrae
1185 2758 1216 2812 V.
1233 2723 1292 2810 rna-

216 2845 289 2900 xima
305 2846 383 2897 Perr.
452 2847 478 2897 5.
501 2850 531 2895 nt
548 2845 598 2897 dal.
617 2846 648 2898 P.
668 2845 764 2918 lucuuu
782 2845 811 2894 iu
830 2845 863 2898 G.
918 2847 946 2894 li.
966 2841 1008 2892 Nc
1024 2841 1062 2893 N.
1080 2839 1133 2896 Hb.
1155 2843 1197 2911 7.,
1215 2841 1292 2894 Haec

216 2950 248 3000 Ρ.
266 2961 309 3014 u.,
326 2947 374 2999 ced
390 2947 449 3000 Nec
465 2948 552 3003 D.,M.
620 2951 647 3000 9.
664 2924 820 3015 quecunque
836 2943 905 3013 Hb,
923 2943 1073 3013 quicunque
1092 2959 1135 3012 n.‚
1155 2958 1291 3010 quaecun-

217 3049 269 3102 que
289 3035 324 3086 D.
395 3037 437 3086 10.
456 3033 522 3085 sciet
538 3033 578 3086 M.
596 3031 648 3086 Hb.
669 3037 716 3084 tua
732 3047 783 3084 sec.
803 3047 838 3084 ra.
856 3031 894 3084 N.

258 3177 261 3184 ,
283 3135 373 3204 XXII,
393 3143 419 3188 1.
438 3134 552 3192 Quaeris
562 3137 598 3188 ll.
618 3140 747 3204 poenales
760 3134 821 3204 ula,
839 3138 964 3202 parentes
983 3134 1017 3190 D.
1075 3137 1101 3184 6.
1117 3131 1164 3186 Sic
1174 3100 1228 3186 nb.
1239 3135 1290 3200 M„

217 3223 317 3274 Tull.
344 3221 503 3292 praecipuae
520 3224 558 3275 N.
636 3227 664 3282 7.
688 3236 816 3290 propensa
831 3220 885 3278 Hb.
960 3223 988 3274 8.
1010 3219 1047 3273 Et
1067 3221 1098 3274 l'.
1174 3227 1201 3276 9.
1226 3236 1288 3274 cuu-
1401 3259 1402 3300 l

214 3305 320 3370 ligneus
339 3306 372 3356 G.
960 3303 963 3310 '
1401 3307 1402 3328 i

283 3398 359 3451 Finis
382 3397 462 3467 primi
484 3399 548 3453 libri
570 3399 634 3453 Pro.
653 3399 722 3452 Nar.
740 3399 777 3455 in.
803 3398 937 3454 secundus
957 3401 990 3457 G.
1032 3397 1167 3466 Propertii
1192 3399 1284 3464 aurelii

110 3559 112 3563 y
210 3490 315 3570 'nautae
331 3484 401 3538 liber
417 3485 519 3554 primus
538 3485 647 3556 explicit
664 3487 803 3540 Secundus
820 3485 914 3556 incipit
931 3486 1046 3541 feliciter
1058 3485 1113 3560 Illa
