2762 4972
192 303 196 310 ¹
221 329 296 411 132
534 343 726 407 Quaestionum
746 345 828 402 Liber
841 345 986 400 secandos.

222 523 298 588 Nan
325 537 364 585 ex
395 520 550 604 superiore
575 537 666 583 uersu
694 518 854 582 communis
885 518 969 580 notio
1001 515 1095 580 solnm
1126 515 1284 600 supplendo

224 619 283 672 est:
316 610 392 671 iter
424 611 508 689 ipse
544 607 675 686 legas,
708 618 808 668 cetera
842 603 1048 685 relinquenda.
1101 603 1155 666 G'ui
1186 605 1284 677 simile,

224 697 354 775 quamuis
376 693 528 774 aliquanto
549 695 608 754 ianr
630 691 790 766 audacius,
810 689 861 764 IV,
879 694 917 766 ti,
939 694 1006 752 31.:
1029 690 1095 753 Non
1116 690 1170 752 ille
1191 698 1287 751 atto-

223 782 328 844 leret
350 783 446 842 crines
466 781 496 840 in
513 778 593 840 colla
612 780 726 840 solutos
748 811 787 820 -·
809 785 860 838 aut
883 791 1027 838 carmen
1049 775 1168 838 —Sed
1186 775 1286 856 quali
1371 783 1372 840 Ξ

224 867 339 947 aspexit
361 903 402 913 -
422 871 644 944 Agamemnona
670 863 751 926 uultu
779 899 821 910 -
848 863 905 922 Aut
934 862 1064 941 qrualis
1094 862 1191 924 soluit.
1233 860 1286 922 Per
1371 865 1372 942 ᾗ

223 953 278 1016 bos
310 962 406 1014 auten
432 953 518 1032 quasi
546 950 656 1029 gradus
686 951 713 1010 si
746 944 934 1021 ascenderis,
968 947 1126 1009 tolerabile
1159 947 1286 1018 habebis,
1371 977 1372 980 κ

225 1037 320 1118 quod,
349 1038 481 1117 qtuamuis
511 1039 636 1096 omnium
666 1033 753 1097 codd.
785 1033 961 1095 auctoritate
991 1043 1020 1096 et
1050 1036 1116 1114 ipsa
1142 1033 1218 1106 loci,
1242 1031 1288 1092 ubi

225 1125 365 1205 scriptum
387 1123 679 1198 renunciaturum
702 1121 871 1183 uexationes
894 1120 1062 1181 criticorum
1084 1117 1215 1198 effugere
1234 1133 1288 1178 non

223 1210 335 1291 potuit,
357 1227 375 1270 a
398 1210 585 1271 Lacbnauno
608 1207 703 1288 primo
727 1206 876 1267 detersum
898 1203 954 1283 (ll,
976 1210 1034 1280 22,
1054 1206 1139 1286 35.):

396 1343 500 1394 Corano
517 1356 562 1392 nee
579 1341 693 1391 anteit
711 1352 857 1389 curvare
873 1339 900 1388 iu
916 1339 1098 1407 pellicatum,

427 1412 479 1461 Aet
495 1411 589 1475 {aciem
606 1411 677 1472 turpi
695 1408 898 1458 dedecorare
919 1407 989 1472 bove,

395 1478 577 1544 Arboreusqoe
593 1491 712 1527 eruces
731 1477 825 1526 Sinis
843 1481 867 1525 et
887 1491 939 1524 ttrite
957 1475 1062 1542 hospita
1082 1474 1175 1526 Gratis

430 1548 451 1597 S
459 1562 528 1599 aaa
546 1551 571 1595 et
590 1545 758 1596 carnotusiae
776 1560 826 1594 suo
842 1544 903 1609 fota
920 1543 1049 1611 trebes,

225 1673 278 1736 ubi
300 1689 316 1736 e
339 1672 437 1736 uerbis
460 1671 699 1734 antecedentibus
721 1689 883 1734 curuare
906 1679 935 1732 et
960 1669 1205 1734 dedecorare
1226 1668 1288 1730 sirb-

224 1760 387 1841 plicissinra
403 1759 485 1820 uerbi
507 1759 653 1821 transilivi
673 1759 715 1820 vis
736 1755 899 1838 repetenda
918 1766 971 1832 est,
992 1759 1020 1820 b.
1039 1777 1065 1822 e.
1084 1758 1135 1821 uel
1155 1754 1286 1828 habendi,

225 1843 435 1911 uellaciendi.
480 1844 525 1905 (ll.
550 1861 650 1905 coum.
676 1843 712 1904 ad
736 1844 801 1904 e.l.
1371 1845 1372 1860 ³

327 1932 397 1993 Alia
419 1931 543 2010 species,
563 1949 647 2010 quarn
670 1931 700 1991 ui
722 1929 814 1990 fallor
836 1947 899 1990 cunr
921 1930 985 1991 solo
1000 1929 1105 1993 Ouidio
1122 1925 1287 2008 Propertius

226 2018 318 2080 babet
338 2034 514 2078 communem
537 2015 590 2092 (ci.
612 2015 649 2077 od
669 2015 716 2079 Ill.
739 2015 761 2090 l,
786 2020 835 2090 16,
856 2020 903 2078 ll.
921 2022 996 2091 ΙΙ),
1019 2035 1081 2077 cunr
1106 2020 1202 2077 altero
1224 2011 1286 2073 loco
1371 2044 1372 2078 Ι

225 2103 304 2164 idem
333 2102 449 2184 quidem
482 2103 617 2176 uerbum,
648 2101 726 2182 quod
757 2121 848 2182 supra
879 2104 1004 2180 posituri
1035 2113 1117 2176 erat,
1147 2099 1199 2161 sed
1231 2096 1287 2158 alia

225 2188 440 2267 significatione
468 2189 658 2266 intelligitur,
686 2205 744 2248 non
772 2189 835 2248 sine
862 2189 963 2266 aliqua
990 2177 1166 2270 ὄξυμώρου
1191 2182 1287 2245 simili·

225 2275 342 2348 tudine,
372 2284 403 2336 ut
431 2274 489 2346 ΙΙΙ,
511 2278 549 2347 9,
579 2275 626 2336 b:
657 2273 758 2352 Turpe
791 2282 850 2346 est,
878 2273 955 2353 purcd
990 2291 1176 2353 nequeas,
1203 2265 1287 2348 capiti

227 2358 615 2439 committeremus,
643 2360 693 2419 ubi
718 2359 772 2418 uisi
796 2360 825 2419 iu
849 2361 939 2420 uerbo
962 2360 1144 2420 committere
1170 2364 1285 2418 conatus
1371 2361 1372 2406 l

225 2446 467 2525 significationen
489 2448 584 2506 inesse
602 2445 775 2526 Propertius
795 2444 946 2517 uoluisset,
968 2447 1113 2508 sententia
1136 2453 1213 2504 stare
1234 2454 1286 2500 non

225 2540 337 2612 posset.
383 2530 467 2608 Qruod
489 2549 544 2613 par
565 2549 596 2592 se
618 2542 696 2593 esset
716 2531 904 2602 facillimum,
927 2533 983 2592 uisi
1006 2531 1091 2592 sinrud
1115 2530 1153 2591 ad
1174 2525 1286 2589 rerbunr
1371 2531 1372 2610 l

225 2634 392 2698 nequeas
421 2618 535 2699 plenam
563 2625 592 2678 et
613 2617 777 2678 absolutam
806 2618 935 2678 eiusdem
958 2620 1040 2678 uerbi
1064 2618 1208 2679 actionem
1229 2609 1287 2671 ani·
1371 2663 1372 2694 3

224 2720 272 2764 mo
294 2701 405 2765 addere
425 2703 607 2766 deberemus.
652 2704 715 2765 lluc
734 2704 822 2766 etiam
842 2703 985 2782 pertinet,
1006 2703 1085 2784 quod
1107 2701 1158 2762 diu
1177 2697 1287 2762 crucia·
1371 2697 1372 2762 Ῐ

223 2790 267 2851 uit
286 2789 479 2870 interpretes,
500 2787 530 2863 1,
553 2793 582 2861 3,
608 2792 671 2850 16.;
699 2788 926 2868 „Osculaque
949 2789 1066 2850 admota
1094 2801 1238 2850 sumere
1260 2786 1287 2840 et
1371 2817 1372 2826 2

225 2887 341 2936 arma
362 2878 472 2936 inanu“
500 2909 542 2918 —
575 2875 625 2934 ubi
661 2873 785 2936 alterum
818 2876 956 2956 proprie,
992 2876 1118 2937 alterum
1149 2868 1285 2934 translate

225 2959 350 3041 dictum,
378 2962 421 3022 ita
443 2970 539 3022 tanuen
564 2969 594 3020 ut
615 2960 706 3021 uerba
728 2978 826 3021 arma
849 2979 998 3022 sumere
1022 2961 1114 3022 artius
1138 2957 1287 3020 coniuncta

215 3047 254 3122 ¹in
277 3064 339 3106 eam
361 3045 517 3108 formulam
547 3045 720 3124 accipienda
747 3047 822 3118 siut,
851 3063 909 3126 que
937 3048 1150 3124 accingere
1176 3060 1214 3104 se
1240 3035 1285 3098 vel

223 3149 366 3213 parare
387 3149 426 3194 se
446 3130 484 3192 ad
505 3130 633 3210 aliquant
651 3149 712 3190 reor
731 3130 899 3210 significare
917 3131 1052 3194 solemus.
1096 3128 1210 3208 Quodsi
1228 3123 1286 3186 illie

222 3218 406 3296 scripsisset:
429 3215 564 3290 „Oscula
586 3233 631 3275 me
653 3233 794 3276 sunere
821 3225 849 3277 et
871 3217 909 3277 ad
931 3235 1059 3297 pugnam
1082 3216 1284 3290 succingere

222 3321 268 3366 me
282 3306 373 3364 Amor
395 3302 505 3363 iussit“
520 3337 562 3348 -·
577 3317 661 3360 neure
677 3299 713 3360 de
727 3318 799 3362 sera
818 3305 963 3364 sententia
980 3322 1104 3380 unquam
1120 3300 1285 3363 dubitasset

221 3385 305 3450 Nunc
334 3405 397 3449 curn
426 3385 528 3448 eadem
555 3386 594 3447 sit
619 3385 670 3446 sed
698 3387 816 3448 breuius
845 3397 873 3448 et
901 3406 956 3469 per
984 3383 1105 3470 ζεῦγμα
1132 3384 1285 3448 enuntiata,

222 3474 322 3534 subito
352 3471 388 3534 de
417 3472 507 3532 arnis
538 3472 638 3532 nescio
668 3473 774 3551 quibus
809 3472 960 3548 obscenis,
997 3492 1074 3554 quae
1101 3483 1196 3535 tamen
1228 3463 1285 3528 tela

220 3561 329 3621 rectius
351 3557 500 3619 debebant
529 3555 603 3630 dici,
632 3557 739 3618 dictum
768 3559 954 3638 interpretati
984 3571 1060 3623 sunt.
1111 3559 1157 3621 Gi.
1177 3554 1235 3626 ΙΙΙ,
1255 3551 1283 3620 9,

220 3648 288 3706 23.:
318 3661 429 3724 ponere
460 3659 620 3704 secures
650 3680 688 3689 -
719 3652 747 3704 et
774 3645 869 3705 iura.
922 3646 1030 3708 Verum
1058 3647 1167 3708 ceteris
1198 3633 1285 3700 omni·

218 3729 274 3792 bus
294 3730 384 3808 longe
406 3728 586 3808 singularius
606 3737 635 3790 et
655 3728 701 3790 cui
725 3729 870 3807 geminum
896 3730 985 3810 plane
1007 3741 1036 3794 et
1056 3750 1112 3813 par
1129 3722 1285 3806 erternplub1

216 3814 291 3876 alibi
323 3814 450 3877 nondum
473 3815 587 3888 inueni,
616 3811 663 3874 El.
684 3813 797 3887 1,.16‚
822 3819 871 3876 ll.
895 3822 946 3877 12.
974 3817 1206 3879 eLacbnanno
1237 3805 1286 3866 de·

217 3911 365 3980 speratum
393 3917 448 3962 nec
477 3900 548 3960 satis
577 3897 718 3960 audacter
747 3898 897 3963 alacobo
926 3903 1108 3980 restitutum,
1136 3892 1284 3964 anenint

216 3996 330 4063 autem,
352 3994 489 4067 putantum
511 3986 616 4057 sciam,
640 3983 833 4064 explicatum:
1068 4005 1070 4012 ⁴

384 4102 440 4154 Nec
459 4107 546 4152 taurea
562 4083 612 4152 illu
630 4116 695 4152 succe
712 4108 900 4154 revocatur
917 4117 1059 4168 parcere
1075 4103 1165 4170 samue

420 4171 535 4236 Ταφίου·
552 4177 578 4221 et
594 4171 676 4221 saecli
694 4172 811 4242 vivere
825 4171 945 4235 toeneio,

9 4261 10 4344 l
213 4275 251 4341 de
271 4291 330 4359 qno
352 4274 518 4338 accuratius
539 4290 593 4338 suo
612 4276 682 4338 loco
703 4294 800 4338 sumus
822 4275 940 4339 dicturi.
984 4275 1040 4340 llio
1058 4282 1167 4340 tantnnt
1183 4265 1282 4333 picen
