2822 4976
207 315 252 382 hl
526 309 741 386 ruoruuru
759 315 824 380 ΕΙ..
845 315 892 394 11,
916 313 967 383 16.

257 482 370 572 Atque
391 487 514 554 utinum
533 488 661 554 Romae
683 503 777 552 ucmo
800 491 894 554 esset
915 485 1030 570 dives,
1055 493 1090 556 et
1110 489 1189 575 ipse

214 596 242 641 ²⁰
301 586 494 657 straminea
515 597 633 678 posset
658 588 726 656 dux
747 589 898 656 habiture
921 593 1018 656 casa!

256 690 441 779 Numquam
462 693 602 760 venales
626 699 743 782 esseut
764 692 808 758 ud
831 688 947 760 munus
969 694 1108 779 amicae,

299 796 412 881 Atque
432 815 497 863 una
519 797 614 863 lieret
636 815 720 862 cuns
742 796 852 882 puella
873 795 978 863 domo.
1076 849 1080 854 .

258 896 334 963 Nun
355 900 433 984 quia
454 906 613 986 septenas
635 907 752 967 nectes
773 902 926 965 seiuncta
948 900 1092 985 cuburis,

302 995 456 1067 Candida
477 1007 544 1068 tam
565 1000 663 1067 laedo
687 999 824 1067 brachia
845 1001 923 1067 fusa
941 1003 1027 1085 viro,

218 1099 339 1168 ι5111οι]
363 1106 441 1188 quia
463 1107 634 1190 peccaris,
656 1111 763 1180 testor
784 1110 835 1188 le,
858 1103 919 1170 sed
944 1107 1022 1190 quia
1042 1103 1146 1193 vulgo

302 1203 470 1272 Formosis
491 1207 614 1274 levitas
636 1224 769 1292 semper
790 1209 897 1272 amica
918 1207 990 1272 fuit.

260 1303 431 1374 Barbarus
454 1313 610 1376 excussis
633 1312 742 1398 agitat
762 1313 912 1398 vestigia
934 1310 1065 1394 lumbis,

303 1407 351 1476 Et
373 1413 482 1478 subito
503 1414 585 1478 felix
606 1432 692 1480 nunc
713 1431 787 1478 mea
809 1431 915 1502 regna
934 1421 1036 1481 tenet.

120 1595 122 1602 Α
261 1509 406 1597 Aspice,
429 1513 507 1600 quid
530 1515 624 1580 dunis
646 1513 807 1600 Eriphyla
827 1506 954 1580 invenit
976 1517 1111 1600 amaris,

211 1623 244 1669 33
266 1699 270 1706 Ι
305 1615 440 1681 Arserit
461 1621 495 1681 et
517 1617 649 1702 quantis
671 1622 774 1702 nupta
796 1614 926 1682 Creusa
947 1616 1053 1681 malis.

260 1717 402 1783 Nullane
423 1717 556 1787 sedabit
577 1726 711 1797 nestros
732 1721 851 1784 iniuria
872 1715 995 1784 lictus?

303 1822 358 1886 Au
378 1822 469 1889 dolor
489 1823 544 1890 hic
565 1826 658 1890 vitiis
679 1824 787 1889 nescit
809 1823 933 1888 abesse
953 1817 1048 1888 tuis?

263 1923 329 1991 Tot
350 1927 417 1991 ium
436 1927 551 1992 abiere
574 1927 666 2009 dies,
689 1946 761 1992 eum
782 1942 835 1992 me
856 1943 919 1990 nee
942 1941 1020 1999 cura
1041 1921 1165 1992 theatri

302 2028 375 2094 Nec
397 2032 508 2118 tetigit
528 2030 658 2116 Campi,
681 2048 743 2096 neu
764 2047 839 2095 mea
861 2029 962 2094 Musa
982 2031 1086 2095 iuvat.

219 2140 245 2185 ³⁵
261 2129 309 2196 At
330 2131 453 2216 pudeat
476 2140 584 2218 certe,
606 2133 745 2221 pudeat3
765 2136 831 2199 uisi
852 2133 956 2217 forte,
979 2131 1065 2218 quod
1087 2135 1193 2218 aiunt,

306 2234 428 2320 Turpis
450 2254 540 2302 amor
562 2237 673 2303 surdis
697 2238 832 2302 auribus
855 2253 936 2326 esse
958 2235 1053 2301 solet.

266 2334 375 2404 Cerne
398 2338 534 2424 ducem,
556 2341 652 2409 modu
675 2343 730 2428 qui
752 2340 883 2405 fremitu
907 2338 1083 2425 complevit
1103 2339 1196 2404 inani

304 2441 405 2506 Actia
428 2439 594 2510 damnatis
617 2461 765 2530 aequora
784 2441 951 2508 militibus.

264 2539 362 2610 Hunc
381 2545 514 2612 infamis
537 2565 628 2613 amor
648 2549 760 2613 versis
784 2545 865 2612 dare
887 2551 987 2634 terga
1008 2546 1132 2612 carinis

219 2659 247 2704 tr
309 2644 414 2714 Iussit
436 2655 471 2716 et
493 2656 641 2716 extremo
664 2666 826 2736 quaerere
846 2650 880 2714 iu
902 2649 981 2715 orbe
1002 2646 1128 2736 lugam.

263 2743 424 2816 Caesaris
445 2749 530 2817 haec
549 2753 656 2818 virtus
680 2757 715 2817 et
734 2750 843 2838 gloria
865 2746 1025 2816 Caesaris
1047 2748 1134 2816 haec
1157 2753 1226 2817 est:

306 2851 385 2936 illa,
407 2871 472 2940 qua
492 2857 592 2938 vicit,
613 2853 759 2922 condidit
781 2871 872 2919 arma
894 2870 1001 2918 mauu.
1068 2883 1069 2888 1
1094 2895 1096 2898 -

263 2951 335 3022 Sed
358 2976 583 3045 quascumque
603 2959 664 3026 tibi
684 2964 819 3040 vestes,
849 2971 1072 3043 quoscumque
1094 2952 1286 3046 smaragdus

307 3056 446 3140 Quosve
467 3059 559 3128 dedit
580 3062 667 3128 flavo
689 3061 810 3126 lumine
832 3056 1066 3144 chrysolithos,
1374 3051 1375 3056 ’

222 3171 248 3217 u
264 3159 362 3228 Haec
382 3163 515 3231 videam
536 3163 674 3251 rapidas
696 3165 731 3229 in
752 3181 874 3228 vanum
895 3161 984 3226 ferre
1006 3158 1185 3244 procellam,

309 3263 403 3347 Quae
424 3268 484 3334 tibi
504 3275 613 3352 terra,
633 3268 749 3348 velim,
772 3283 857 3353 quae
878 3263 938 3332 tibi
961 3261 1020 3328 liat
1040 3279 1138 3348 aqua.

293 3459 334 3506 19.
352 3453 411 3520 ipso
429 3459 466 3510 Η.
481 3431 529 3509 Μ.
608 3461 651 3512 2ο.
669 3459 761 3525 posset
779 3467 829 3513 ortt.
848 3470 893 3522 pr.
912 3469 947 3509 m.
964 3450 1017 3506 ml.
1104 3453 1146 3506 21.
1164 3445 1240 3502 amici
1255 3448 1285 3504 D.

222 3539 266 3591 22.
280 3551 341 3588 cara
358 3539 401 3604 6.,
421 3553 498 3592 coma
508 3541 549 3593 M.
567 3538 658 3608 domo]
674 3539 731 3593 viro
743 3543 780 3594 11.
833 3544 875 3590 23.
893 3535 1012 3590 revincta
1022 3535 1059 3588 N.
1068 3533 1119 3588 Hb.
1138 3536 1286 3588 cuharesll.

222 3623 265 3674 24.
280 3619 342 3675 sedo
352 3625 389 3679 N.
401 3625 456 3677 lixa
466 3626 506 3676 Μ.
550 3629 593 3679 25.
604 3625 735 3694 peccarim
750 3641 838 3678 omues
851 3631 961 3693 praeter
970 3625 1002 3677 P.
1013 3623 1088 3676 Peru.
1098 3638 1125 3679 u.
1172 3626 1213 3675 26.
1226 3620 1287 3674 leui-

222 3711 264 3758 tas
285 3709 317 3760 G.
388 3712 431 3761 27.
449 3707 563 3761 exclusis
584 3711 616 3766 G.
627 3726 652 3762 r.
664 3709 717 3765 Hh.
728 3711 763 3766 D.
775 3710 825 3776 M„
846 3706 962 3760 exclusit
978 3707 1015 3758 N.
1086 3711 1130 3760 29.
1147 3705 1286 3771 AccipcM.
1374 3721 1375 3726 ¹

222 3790 409 3861 Eriphylam,
437 3793 564 3861 Eriphyla
581 3797 615 3851 D.
632 3797 669 3850 Η.
696 3795 793 3846 umoris
811 3797 869 3861 M„
895 3786 998 3845 amares
1019 3794 1052 3848 G.
1126 3797 1171 3844 32.
1190 3792 1224 3843 Et
1239 3787 1286 3840 llt.

223 3874 278 3927 suis
296 3877 334 3928 N.
347 3881 383 3930 R.
400 3878 452 3932 Hb.
470 3881 504 3932 Α.
579 3883 622 3937 31.
647 3881 732 3947 campi
751 3882 839 3932 omiss.
858 3879 904 3931 sed
922 3894 940 3929 u
957 3895 1002 3946 qur.
1019 3895 1055 3930 m.
1073 3893 1159 3945 supra
1179 3876 1285 3928 additum
1374 3891 1375 3930 l

221 3961 250 4010 iu
268 3960 305 4014 N.
330 3978 422 4014 mensa
439 3963 491 4017 Hh.
509 3965 546 4018 N.
565 3968 602 4018 11.
622 3967 654 4019 Υ.
672 3967 713 4020 Μ.
784 3968 828 4019 35.
845 3963 887 4016 Ah
907 3965 941 4019 c.
957 3980 984 4016 r.
1002 3981 1047 4031 0.,
1073 3964 1109 4016 At
1125 3967 1162 4016 H.
1180 3964 1218 4017 N.
1240 3953 1285 4010 uisi
1374 3963 1375 4018 l

223 4059 273 4096 um.
292 4045 329 4099 11.
396 4051 440 4099 37.
458 4048 561 4102 flemilu
577 4049 631 4102 ut.
709 4055 753 4106 39.
771 4050 880 4102 insanus
898 4052 933 4102 D.
954 4051 989 4103 Η.
1008 4050 1048 4106 Μ.
1123 4051 1166 4104 40.
1186 4051 1284 4101 exterus
1374 4095 1375 4104 q

222 4145 275 4180 000
292 4146 317 4182 u.
335 4131 382 4183 sed
398 4148 468 4190 eurr.
486 4150 584 4190 omues.
647 4141 692 4191 33.
710 4153 868 4204 quocunque
881 4139 915 4190 G.
929 4151 973 4202 pr.
984 4152 1017 4187 m.
1030 4135 1081 4191 Hb.
1099 4133 1242 4188 smarucdcs
1255 4127 1284 4178 G·
1374 4121 1375 4154 ³

221 4214 265 4265 11.
280 4213 363 4266 llavos
381 4214 433 4272 lib.
451 4219 488 4269 Η.
510 4219 541 4272 V.
565 4218 733 4272 chrisolitlros
752 4220 806 4286 N.,
825 4219 957 4274 crisolitos
974 4217 1045 4284 illa,
1063 4215 1233 4284 chrysolithus
1247 4207 1282 4259 Μ·
1374 4223 1375 4272 l

220 4299 264 4350 le.
282 4298 370 4383 vidam
390 4303 423 4355 (i.
493 4305 536 4356 46.
555 4305 603 4357 liet
620 4321 708 4358 omues
726 4314 835 4372 praeter
855 4308 886 4362 V.
1374 4299 1375 4304 ἵ
