2834 4972
419 358 508 429 caput
523 360 562 414 11.
598 357 639 412 De
649 371 753 426 'genere
771 357 915 430 Propertii.
1148 349 1198 430 13

127 537 250 622 publica
271 531 529 609 solos-Guttae,
551 533 735 607 Orestas,
756 529 925 600 Scauros
948 533 1081 598 omnibns
1101 535 1196 602 bono-

129 629 208 687 ribus
232 625 348 686 nobiles
370 621 544 684 invenimus.
585 620 632 683 De
653 618 823 700 municipali
849 629 946 684 antem
966 621 1096 700 tamilla,
1116 624 1196 688 nunde

128 711 364 792 Propertius
397 715 483 768 uatus
512 711 573 782 est,
603 723 707 787 parum
737 715 862 769 constat.
911 707 1196 788 Qnuamqnamsatis

127 797 282 878 probabili
303 793 473 858 coniectura
493 791 550 853 buc
569 791 651 854 Sex.
672 791 755 853 illum
774 790 1015 872 Propertium
1035 795 1196 876 rettuleris,

123 882 163 944 de
185 899 246 964 quo
264 881 378 944 libetur
398 894 454 961 pro
468 877 563 939 llomo
583 893 637 938 sna
653 877 693 952 (o.
709 877 773 952 19.)
793 877 930 952 meminit,
953 887 982 941 et
1001 879 1085 942 Sex.
1101 881 1195 946 Pro·
1273 884 1278 902 ⁸

125 969 293 1049 pertinm
313 965 541 1048 Epaphram,
567 964 617 1044 qni
638 963 669 1024 in
689 963 882 1044 inscriptione
902 964 1094 1030 Nemausensi
1116 985 1196 1032 com-

124 1061 211 1135 paret
233 1053 366 1130 (Gruter.
385 1049 597 1130 c.1.p.eas,
616 1051 648 1112 9.
668 1045 819 1128 Epapte
838 1049 882 1112 ibi
902 1047 1037 1130 legitur).
1080 1053 1197 1122 Etenim

125 1141 322 1221 praenomina
340 1139 384 1200 ita
403 1137 435 1197 in
457 1133 577 1197 lumiliis
598 1135 712 1196 seruari
733 1135 883 1212 solebant,
909 1145 941 1199 nt
963 1147 1034 1204 natu
1053 1143 1196 1208 maximus

125 1226 220 1307 patris
239 1239 421 1307 praenomen
438 1220 603 1302 acciperet,
622 1219 756 1283 libertini
776 1230 874 1284 entem
896 1239 961 1284 cnm
983 1225 1100 1290 nomine
1122 1247 1196 1306 gen·

129 1311 226 1374 tilicie
260 1309 348 1372 mucul
381 1323 561 1389 praenomen
594 1305 714 1388 patroni
747 1316 957 1370 mutuarentur.
1007 1311 1053 1376 Gi.
1079 1313 1195 1379 Manat.

126 1395 165 1459 ad
185 1395 251 1459 (iic.
274 1396 349 1476 Epp.
370 1393 485 1458 Pamill.
506 1393 549 1476 ll,
573 1394 601 1454 l.
634 1391 800 1456 Gesaubou.
823 1389 861 1455 ad
888 1393 970 1457 Pers.
992 1395 1055 1460 Sat.
1077 1399 1118 1474 V,
1141 1405 1194 1466 78.

126 1483 288 1560 (ioettling.
310 1483 356 1543 lle
375 1478 501 1560 Republ.
520 1477 604 1541 liena
624 1495 652 1558 p.
677 1481 747 1540 142.
771 1477 822 1540 all.
866 1478 983 1542 Gentius
1011 1483 1128 1547 uidetur
1155 1487 1195 1552 de

125 1568 349 1648 Propertio,
374 1566 457 1628 cuius
485 1565 601 1626 nomine
623 1563 793 1644 inscriptum
817 1563 945 1646 lapidem
967 1569 1038 1630 satis
1065 1571 1196 1638 mutilum

125 1685 168 1696 -
186 1654 263 1716 nibil
281 1654 356 1716 enim
373 1659 494 1733 praeter
513 1651 586 1712 baec
603 1649 708 1711 uerba:
730 1649 954 1732 PROPERTIA
968 1651 1092 1718 CVM..
1115 1674 1196 1721 cum-

125 1749 277 1821 paret-
297 1755 392 1821 prope
413 1735 581 1799 Mevaniam
601 1737 633 1796 in
654 1734 733 1797 colle
754 1736 899 1836 inuentum
922 1755 987 1800 esse
1008 1737 1140 1804 Goletius
1163 1745 1196 1808 in

124 1821 1195 1990 adidistilillicitetllltllbdtd·..illd

125 1995 283 2059 lrandibns
309 1997 348 2059 cl.
370 1995 520 2058 Mutatur.
542 1996 641 2067 1800,
662 1995 691 2055 l.
715 1996 815 2070 1806,
836 1993 882 2073 6.)
909 2004 960 2058 aut
982 1997 1089 2062 collem
1110 2001 1196 2066 illum

127 2083 276 2163 qnondam
297 2083 328 2144 iu
350 2079 462 2143 ditione
478 2079 569 2142 Asisii
592 2079 706 2141 finitimi
730 2079 838 2158 luisse,
867 2092 919 2143 ant
942 2083 1142 2150 aMeuauate
1161 2088 1194 2151 in

125 2169 340 2231 matrimonium
354 2167 470 2230 ductam
489 2165 641 2227 mulierem
654 2182 813 2229 censemus.
853 2165 1005 2248 Frequens
1025 2173 1100 2233 enirn
1123 2191 1196 2236 cuu-

125 2256 246 2318 unbium
267 2256 345 2316 iuter
367 2262 426 2316 tem
447 2253 616 2332 propinqua
638 2249 750 2332 oppida
770 2252 879 2327 luisse,
907 2255 979 2316 setis
1003 2266 1047 2318 est
1068 2274 1195 2322 consen·

124 2351 254 2406 tanenm.
304 2339 408 2419 Neque
436 2338 529 2414 igitur
556 2336 716 2418 quidquam
744 2338 868 2420 amplius
898 2357 936 2402 ex
962 2343 1078 2406 nomine
1108 2345 1192 2411 Sex.

125 2425 262 2489 Gaesii
283 2427 366 2489 Sex.
389 2424 422 2487 P.
442 2423 693 2504 Propertieui
717 2423 852 2502 colligas,
875 2425 962 2487 nodo
981 2438 1061 2490 recte
1083 2428 1115 2492 id
1134 2430 1194 2494 Go-

124 2512 215 2574 letins
244 2530 282 2574 ex
307 2510 482 2588 fragmentis
510 2511 663 2572 marmoris
690 2510 814 2582 litterati
841 2509 903 2592 (ap.
924 2514 1071 2577 Murator.
1095 2517 1131 2580 Τ.
1154 2518 1194 2596 II,

126 2599 215 2660 class.
235 2599 281 2671 X,
301 2615 331 2677 p.
349 2595 517 2672 DGGLXV,
539 2613 567 2658 n.
590 2599 635 2670 7.)
657 2595 802 2658 elicuerit.
844 2597 900 2659 llic
921 2600 996 2660 enim
1018 2599 1056 2664 de
1078 2601 1194 2668 lamilia

125 2683 351 2764 Propertiernm
368 2682 399 2743 iu
422 2681 559 2744 Caesium
580 2696 685 2742 nomen
707 2679 864 2761 adoptatus
885 2681 991 2760 inerit,
1017 2705 1103 2767 quam
1124 2691 1194 2754 Me-

123 2773 233 2833 uaniae
247 2769 384 2831 floruisse
401 2765 515 2829 duobus
534 2783 607 2828 snae
621 2765 806 2828 collectionis
825 2766 973 2848 lapidibus
991 2790 1019 2835 n.
1033 2776 1084 2837 et.
1099 2784 1129 2838 et
1139 2781 1193 2854 47,

125 2857 176 2918 ubi
199 2857 284 2919 Sex.
307 2853 464 2920 Caesius
485 2852 703 2915 Gbreeimus
725 2851 808 2914 Sex.
829 2853 1014 2918 Libertus
1044 2868 1074 2922 et
1095 2860 1192 2924 Gae-

125 2943 184 3003 sia
205 2942 289 3004 Sex.
310 2939 456 3002 liberta
476 2935 610 3017 legatur,
637 2938 757 3018 colligi,
783 2938 860 3000 idem
882 2939 1014 3003 Gcletius
1038 2955 1193 3010 asseverat

86 3041 90 3046 ·
128 3028 163 3106 (l.
185 3027 235 3105 1.).
279 3025 354 3090 Num
382 3042 454 3089 nero
474 3023 714 3106 Propertius
730 3023 782 3086 ille
804 3022 936 3100 Celer,
964 3027 1047 3091 cuius
1070 3031 1193 3095 Tacitus

126 3115 218 3186 (Anu.
240 3111 272 3187 l,
293 3113 359 3185 75.)
384 3110 557 3174 mentionem
578 3109 667 3185 lucit,
694 3110 750 3172 buc
769 3112 932 3190 pertineat,
953 3130 1011 3175 non
1031 3119 1126 3197 magis
1154 3116 1193 3181 li-

126 3209 205 3279 quet,
230 3215 315 3278 qnam
329 3195 366 3257 de
383 3196 643 3277 QPropertic
668 3213 715 3274 ap.
727 3195 843 3258 Gruter.
860 3195 939 3269 (ei.
957 3217 986 3279 p.
999 3202 1072 3277 952,
1091 3223 1120 3266 n.
1133 3206 1193 3282 4.),

127 3286 164 3346 de
192 3283 226 3346 G.
247 3284 357 3364 Prep.
378 3283 528 3362 llaegio
556 3281 636 3363 apud
661 3283 810 3345 Muratur.
838 3281 883 3362 (l,
903 3301 933 3364 p.
955 3285 1040 3363 Llll,
1065 3289 1126 3368 2.)‚
1155 3289 1194 3353 de

128 3371 162 3446 Q.
193 3369 300 3450 Prop.
331 3369 367 3444 Q.
395 3369 430 3432 P.
459 3367 545 3432 Pub.
573 3377 602 3431 et
629 3365 662 3430 G.
689 3367 800 3448 Prep.
828 3367 938 3432 Illviro
967 3369 1040 3436 ibid.
1074 3374 1132 3452 (ll,
1159 3393 1193 3457 p.

127 3457 207 3530 788,
230 3459 275 3532 2.)
298 3454 393 3516 obuiis
413 3462 465 3516 aut
486 3453 524 3516 de
545 3452 582 3515 iis
604 3453 755 3530 omnbus,
777 3472 901 3535 quorum
927 3459 1047 3520 numina
1073 3459 1193 3526 dubium

125 3559 199 3604 uera
227 3559 266 3602 an
298 3539 424 3602 condeta
451 3539 483 3600 in
510 3539 667 3620 superiore
699 3540 797 3621 cupite
823 3557 861 3604 ex
888 3539 1038 3624 lapidibus
1063 3547 1192 3612 Asisinis

126 3616 326 3688 excitavimus.
369 3625 432 3688 Nec
452 3642 507 3688 nos
528 3623 630 3706 Vupii
649 3641 743 3704 nugas
765 3623 803 3686 de
819 3624 978 3708 Propertio
997 3628 1096 3694 Tusco
1117 3651 1193 3713 rege

126 3711 168 3788 (u.
188 3712 294 3775 Geton.
315 3729 363 3792 ap.
385 3712 473 3774 Seru.
494 3710 533 3773 ad
554 3712 639 3791 Virg.
658 3713 732 3774 Aen.
746 3712 810 3787 Vll,
831 3713 920 3791 697.)
941 3731 1085 3792 curamus,
1106 3737 1194 3800 quem

124 3797 180 3859 ille
205 3807 314 3878 poetae
338 3814 480 3878 proavum
507 3797 581 3870 ¹lucit
608 3795 662 3876 (ci.
685 3798 789 3860 Bartb.
811 3796 911 3861 Praei.
933 3799 1024 3882 Prop.
1045 3821 1075 3884 p.
1097 3804 1191 3870 LXV.

125 3881 164 3945 Τ.
184 3883 214 3960 Ι,
235 3902 266 3964 p.
284 3883 364 3947 XVI.
385 3882 549 3960 Kninuel.)‚
569 3900 634 3945 curu
653 3901 691 3944 ne
713 3884 843 3964 equestri
862 3883 980 3966 quidem
1000 3887 1069 3951 loco
1093 3899 1192 3953 uatum

124 3986 191 4031 enm
224 3969 342 4032 Burtbii
376 3978 550 4047 argumenta
586 3970 731 4032 evincant.
784 3969 858 4031 llam
893 3988 948 4034 nec
980 3971 1192 4039 Pescennii

11 4115 12 4120 ,
124 4055 289 4140 exemplum
311 4053 361 4132 (de
385 4072 443 4135 qno
465 4053 525 4118 uid.
548 4070 575 4115 c.
595 4053 643 4131 l),
669 4063 771 4136 utpote
797 4057 848 4136 qni
869 4056 1035 4138 adoptione
1049 4061 1079 4122 in
1101 4062 1191 4124 eliam

123 4139 240 4202 demum
263 4143 393 4215 uenerit,
422 4139 580 4221 quidquam
603 4140 641 4200 ad
666 4139 816 4221 Propertii
840 4159 956 4204 censum
977 4146 1074 4218 ualet,
1099 4148 1190 4210 muulto
1247 4193 1251 4200 .

121 4243 194 4290 uero
217 4225 311 4288 minus
339 4225 522 4288 inflexum
548 4226 579 4287 in
599 4226 722 4288 tbeatris
744 4227 885 4290 collum
904 4228 966 4308 (iil.
987 4231 1036 4305 lV,
1056 4234 1093 4305 8,
1114 4233 1193 4311 rb),

11 4325 12 4332 ¹
122 4311 205 4393 qnod
232 4311 271 4375 ad
296 4312 374 4378 XIV.
397 4311 517 4375 ordines
539 4310 728 4376 referendum
756 4330 823 4377 esse
847 4315 986 4378 Rartbius
1012 4315 1194 4384 subridicule
