2834 4972
228 321 283 402 32
555 329 747 392 Quwtiounm
765 329 848 388 Libat
863 330 975 401 primus.

230 509 337 592 lleque
357 524 429 574 tero
450 506 526 576 daeo
551 503 719 588 nuptiarum
744 501 858 570 inuidia
877 501 992 570 Romae
1015 508 1077 567 tum
1100 520 1206 570 recens
1228 513 1303 584 erat,

230 605 282 660 ant
300 595 361 658 illis
384 594 498 657 demum
518 591 699 674 temporibus
719 598 800 655 nuta.
842 589 960 654 Etenim
973 587 1122 654 ,Metellus
1149 589 1209 654 iam
1231 609 1303 654 ora·

228 685 328 758 tione,
357 681 440 743 cuius
467 679 664 759 fragmentum
689 675 769 758 apud
795 676 832 741 A.
855 675 982 740 Gellium
1009 685 1092 740 extat
1117 676 1216 758 (Noet.
1237 681 1300 742 Att.

227 769 259 843 1,
278 768 324 850 6.)
346 767 390 830 ita
410 765 625 830 matrimonium
651 761 765 827 ciuibus
787 760 986 838 commendat,
1012 763 1099 845 quasi
1124 764 1200 827 illud
1222 762 1299 828 duo·

162 867 179 886 “
226 872 292 919 rum
317 853 463 916 malorum
487 852 583 914 minus
611 848 780 929 eligendum
805 865 872 911 esse
896 857 1027 911 censeat.
1070 849 1173 928 Quid?
1200 866 1298 915 nonne

229 937 385 1022 „lepidum
403 939 487 1002 illum
509 936 660 1000 senioem“
681 933 851 999 Plautinum
872 933 984 1008 (Plaut.
1002 933 1071 1000 Mil.
1094 936 1176 999 Glor.
1192 935 1245 1011 ΙΙΙ,
1266 941 1297 1014 l,

224 1031 278 1092 91.
300 1025 398 1106 squ),
419 1025 470 1106 qui
488 1040 611 1087 uxorem
630 1039 770 1085 summum
791 1019 1020 1097 incommodum,
1043 1020 1188 1085 caelibem
1206 1025 1296 1086 uitam

225 1128 366 1184 summurn
379 1112 487 1175 bonum
503 1128 570 1174 esse
582 1109 660 1173 satis
679 1107 792 1172 diserto
810 1123 945 1169 sermone
964 1105 1154 1184 demonstrat,
1171 1109 1297 1190 Ephesii

224 1197 489 1280 Periplectomenis
512 1197 567 1260 sub
587 1212 718 1277 persona
733 1192 884 1256 Romanos
903 1209 1003 1256 mores
1021 1194 1108 1256 uoltis
1130 1193 1296 1277 depingere

224 1284 379 1348 dieamus?
421 1284 477 1348 llic
503 1291 601 1346 autem
629 1279 716 1344 simul
742 1279 805 1342 edit
832 1276 928 1342 cladis
953 1279 1038 1342 istius
1061 1296 1196 1356 causam,
1222 1299 1294 1363 per·

144 1405 146 1410 ·
225 1369 316 1434 ditam
338 1387 451 1432 morum
470 1369 633 1444 luxuriam,
662 1383 739 1448 qnae
760 1363 810 1429 rel
835 1365 916 1428 lona
935 1374 1021 1446 parte
1042 1368 1178 1448 poeticae
1198 1367 1293 1430 dcen-

221 1457 284 1521 tiae
307 1455 386 1532 data,
406 1474 510 1519 sanum
530 1455 677 1519 hominem
697 1471 718 1514 a
733 1449 803 1515 tulis
825 1451 968 1515 consortii
988 1467 1079 1515 onere
1100 1454 1293 1528 absterreret,

222 1541 330 1606 nedum
351 1542 495 1621 Augusti,
519 1541 570 1606 rel
589 1538 667 1603 adeo
689 1538 828 1620 aequiore
849 1547 982 1619 tempore
1003 1537 1057 1614 (cl.
1074 1538 1206 1612 quenal.
1227 1540 1294 1604 Sat.

222 1627 300 1708 ΙΙΙ),
323 1625 442 1691 domina
460 1628 521 1690 iam
541 1627 593 1690 diu
613 1625 696 1689 ordia
718 1635 864 1689 terrarum
881 1622 987 1698 Roma,
1007 1634 1196 1689 externarum
1216 1625 1293 1690 diui-

219 1714 330 1782 tiarum
350 1713 481 1794 undiquc
506 1712 689 1776 alluentium
717 1710 806 1793 copia
833 1718 863 1773 et
892 1708 1038 1773 educandi
1066 1710 1166 1776 otdcio
1188 1731 1208 1778 a
1228 1731 1292 1778 rna·

220 1809 308 1866 tenuo
330 1801 445 1878 gremio
471 1797 511 1862 ad
532 1807 689 1880 corruptas
712 1797 844 1862 nutrices
865 1814 903 1860 ex
923 1796 1031 1859 alienis
1052 1814 1150 1879 aequo
1171 1800 1292 1882 saepius

220 1886 393 1954 nationibus
420 1883 563 1948 oriundas
588 1884 733 1948 translato
756 1885 806 1961 (Α.
825 1881 937 1946 Gellius
955 1882 1031 1958 ΧΠ,
1056 1886 1087 1948 Ι.
1108 1884 1229 1966 Dialog.
1251 1885 1291 1950 de

221 1973 319 2036 Oratt.
348 1974 399 2036 28.
422 1975 506 2050 29.),
533 1972 564 2034 in
591 1969 759 2034 immensum
786 1986 852 2033 eam
880 1977 997 2034 anetam
1022 1969 1117 2033 foisse
1147 1970 1290 2037 dicamus.

220 2058 419 2135 Quamobrem
439 2057 503 2120 noli
521 2057 639 2135 mirari,
662 2057 742 2140 quod
762 2073 778 2118 e
794 2054 1020 2120 Mercurialium
1040 2056 1171 2120 uirorum
1190 2059 1290 2134 turba,

219 2145 341 2225 quihus,
360 2152 464 2225 utptua
489 2154 677 2208 aeternorum
696 2143 819 2207 deorum
841 2143 1015 2207 commercio
1035 2145 1114 2218 usis,
1134 2145 1210 2208 hauc
1227 2155 1288 2209 ter-

217 2230 356 2293 restrium
376 2230 477 2310 legum
498 2231 699 2312 exceptionem
721 2230 841 2294 facilius
862 2230 950 2292 etiam
972 2230 1179 2307 concedimus,
1201 2241 1289 2313 qnot⁴

218 2324 292 2397 quot
311 2314 401 2380 laude
423 2315 530 2397 dignos
551 2317 591 2380 ad
612 2318 686 2380 daeo
709 2325 813 2381 nostra
833 2334 929 2397 usquc
948 2317 1190 2397 temporaMusa
1209 2318 1289 2380 mori

219 2402 325 2476 uetuit,
343 2403 393 2464 uix
414 2421 504 2464 unum
522 2412 573 2466 aut
592 2403 719 2466 alterum
738 2403 873 2466 maritum
893 2402 1067 2466 invenimus.
1111 2402 1288 2485 Quanquam

216 2503 276 2549 non
297 2487 444 2550 minimum
471 2490 529 2550 duc
555 2487 585 2551 id
612 2496 731 2571 quoque
755 2490 916 2553 contulisse
937 2488 1100 2565 credimus,
1130 2488 1210 2571 quod
1232 2508 1286 2554 co-

216 2572 352 2636 hortibus
378 2575 575 2656 potentiorum
594 2577 699 2639 ciuium
719 2575 863 2657 adscripti
883 2583 1076 2657 patronorum
1097 2575 1290 2642 obseruantia

214 2658 442 2722 domesticarum
459 2678 559 2724 rerum
580 2678 681 2726 curam
701 2678 810 2742 gerere
829 2679 888 2726 nou
908 2678 1005 2742 aeque
1024 2671 1194 2743 potuerunt

318 2744 415 2826 Igitur
438 2745 629 2829 Propertius,
646 2749 751 2830 -primo
774 2750 871 2813 statim
892 2747 1115 2812 adolescentiae
1136 2765 1215 2812 auno
1234 2747 1286 2816 rix

214 2831 316 2913 posita
336 2842 493 2913 praetexta
513 2835 674 2914 Lycinnam
698 2834 846 2916 quandam
867 2833 1007 2896 adamare
1028 2833 1145 2914 coepit,
1165 2835 1287 2899 futurae

212 2918 309 2999 ipsius
330 2916 467 2983 dominae
493 2936 618 2985 serram.
660 2922 706 2984 Ab
734 2923 790 2984 lac
817 2921 911 2984 sacris
928 2921 1071 2996 Veneris,
1091 2927 1125 2982 ut
1146 2937 1166 2983 a
1185 2923 1286 3005 perita

215 3001 389 3078 sacerdote,
408 3005 541 3069 initiatus
564 3015 609 3069 est
629 3005 691 3082 (El.
711 3006 771 3083 ΙΙΙ,
798 3007 856 3083 15,
875 3006 931 3088 5.).
979 3006 1042 3070 Sed
1067 3023 1137 3068 mox
1161 3008 1200 3070 ad
1228 3007 1285 3072 du·

212 3088 275 3151 rins
300 3089 451 3152 seruitium
476 3099 521 3154 est
544 3092 700 3174 delapsus,
731 3109 790 3173 quo
818 3102 899 3156 certe
927 3101 1035 3176 poetae
1060 3091 1155 3156 nostri
1181 3094 1285 3158 miseri

211 3175 305 3238 uicem
332 3174 516 3252 doleremus,
545 3178 603 3241 nisi
628 3178 762 3241 dolorem
789 3179 922 3243 doceret
947 3178 1100 3259 uoluptas,
1127 3196 1215 3260 quam
1242 3199 1282 3246 ex

210 3260 295 3322 illius
328 3259 483 3324 doloribus
516 3266 609 3326 omnis
645 3274 730 3328 aetas
765 3264 902 3347 percepit
930 3274 960 3329 et
991 3265 1017 3326 si
1050 3264 1115 3328 iata
1148 3265 1283 3342 siverint,

211 3364 329 3428 semper
355 3347 511 3429 percipiet.
560 3348 748 3431 Cynthiae
775 3351 853 3415 enim
882 3351 973 3415 ocelli
1005 3349 1062 3413 nisi
1091 3350 1282 3433 Propertium

209 3433 367 3512 cepissent,
385 3432 585 3497 Romanorum
602 3435 768 3500 Parnassus
786 3455 846 3501 nou
864 3437 982 3502 infimae
1001 3436 1166 3518 elegiarum
1185 3439 1282 3520 partis

207 3516 297 3580 laude
322 3527 401 3581 esset
423 3519 555 3584 orbatus.

308 3603 390 3666 Haec
411 3605 505 3684 igitur
525 3605 688 3688 Gyntlia
706 3626 785 3691 quae
805 3608 914 3686 inerit,
935 3608 1090 3689 aliquanto
1109 3609 1279 3674 accuratius

208 3685 377 3770 disquirere
399 3707 510 3772 operae
533 3712 605 3757 sane
625 3696 753 3777 pretium
773 3697 892 3759 ridetur
914 3713 991 3758 esse.

306 3774 435 3857 Proprie
456 3787 637 3844 autemeam
659 3783 776 3846 nomine
791 3782 960 3846 llostiam
981 3777 1162 3862 appellatam
1183 3780 1279 3846 luisse

207 3865 237 3920 et
259 3858 297 3921 alt
318 3870 420 3926 uetere
441 3862 604 3946 interprete
626 3867 772 3933 quenalis
791 3869 868 3942 (Sat.
889 3866 938 3942 Vl,
961 3871 991 3930 7.
1012 3867 1051 3930 cl.
1068 3867 1101 3932 G.
1119 3867 1222 3931 Bartlr.
1244 3869 1277 3928 in

203 3941 299 4008 Adur.
321 3945 418 4038 1256.
442 3966 469 4012 c.
491 3953 537 4025 3.)
565 3962 594 4017 et
623 3956 661 4016 ab
684 3954 833 4036 Appuleio
861 3952 1005 4036 (Apclcg.
1033 3972 1064 4035 p.
1087 3957 1159 4018 279.
1184 3953 1277 4028 Elm.)

204 4028 363 4107 docemur,
389 4034 441 4096 ubi
462 4033 666 4103 Passeratinm
691 4039 898 4105 Hostiliam
924 4038 1083 4119 legendum
1112 4056 1179 4103 ease
1206 4057 1278 4102 cen-

202 4125 315 4179 sentem
343 4118 403 4181 iam
428 4120 581 4188 Bentleius
612 4126 753 4190 refutarit
784 4125 837 4202 (ad
857 4127 931 4190 llor.
953 4127 1008 4192 0d.
1028 4126 1074 4201 11,
1096 4131 1153 4201 12,
1176 4129 1206 4189 Ι.
1235 4126 1276 4190 ol.

199 4201 301 4265 Burm.
333 4202 372 4266 ad
402 4205 493 4290 Prop.
522 4230 553 4292 p.
581 4213 644 4288 2.),
677 4213 761 4274 cuius
794 4214 976 4294 argumentis
1005 4233 1024 4276 u
1052 4212 1151 4275 forma
1183 4213 1278 4274 nomi-

198 4305 266 4352 num
288 4287 424 4356 lictorum
450 4297 572 4379 sumptis
594 4297 649 4372 (ci.
670 4316 763 4382 supra
782 4297 856 4382 Gap.
872 4299 924 4375 V.)
945 4299 1012 4362 iure
1033 4297 1196 4362 cedendum
1218 4299 1279 4364 rati
