2822 4976
420 371 634 439 PROPERTII
655 371 717 436 ΕΙ..
736 371 782 453 ΙΙ,
805 371 856 441 18.
877 374 927 441 19.

183 541 280 609 Nunc
303 543 401 610 etiam
422 543 566 610 infectos
588 541 725 610 demens
747 544 876 610 imitare
896 546 1088 636 BritannaS,

225 643 331 710 Ludis
354 651 389 712 et
411 650 550 710 externo
572 645 676 712 tincta
696 647 801 712 nitore
824 645 946 734 caput?

136 757 168 802 ὓ
185 747 231 816 Ut
252 754 373 813 natura
394 746 505 830 dedit,
528 748 578 814 sic
601 749 705 815 omnis
727 757 820 817 recta
838 750 946 838 figura
967 759 1036 820 est:

142 915 145 922 ,
209 849 346 936 ¹Turpis
369 851 518 918 Romana
540 846 700 940 Belgicus
722 871 781 919 are
804 854 901 922 color.

183 947 236 1016 Illi
258 953 320 1017 sub
343 954 441 1018 terris
463 952 543 1018 dant
564 952 651 1018 mala
672 952 774 1018 multa
794 954 935 1040 puellae,

227 1049 322 1133 Quae
343 1054 480 1119 mentita
501 1070 585 1120 suas
607 1055 710 1118 vertit
730 1054 844 1140 inepta
866 1060 994 1123 comas!

182 1153 327 1239 Deme,
347 1157 391 1221 mi
414 1162 504 1224 certe
525 1159 651 1242 poteris
673 1156 819 1223 formosa
840 1156 964 1224 videri:

74 1333 76 1340 .
135 1269 166 1314 ³⁰
225 1259 273 1324 Mi
293 1259 440 1326 formasa
461 1261 567 1342 satis,
589 1258 739 1325 simodo
761 1277 866 1346 saepe
885 1263 996 1328 venis.

180 1360 237 1426 An
259 1362 290 1428 si
311 1362 464 1428 caerulea
484 1360 646 1447 quaedam
668 1381 730 1428 sua
751 1367 898 1450 tempora
919 1365 997 1432 fuco

225 1466 378 1533 'finxerit
385 1514 395 1549 ,
418 1466 542 1532 idcirco
565 1467 700 1534 caerula
722 1467 828 1533 farma
850 1469 939 1534 bona
961 1463 1040 1534 est?

182 1565 269 1650 Cum
287 1571 345 1636 cibi
366 1587 429 1636 nec
451 1569 556 1636 frater
577 1588 641 1637 nec
662 1573 708 1636 sit
728 1571 789 1638 tibi
808 1571 895 1637 iilius
917 1571 1015 1656 ailus,

223 1673 342 1740 Frater
359 1689 428 1762 ego
448 1679 483 1740 et
502 1673 562 1738 tihi
585 1675 647 1740 sim
665 1673 751 1739 iilius
774 1693 859 1739 unus
882 1691 959 1762 ego.

134 1791 163 1836 ³5
181 1776 262 1864 ipse
283 1783 360 1843 tuus
382 1794 513 1863 semper
534 1776 594 1843 tibi
615 1778 660 1843 sit
681 1775 834 1843 custodia
854 1777 976 1861 iectus,

224 1882 296 1946 Nec
318 1881 416 1945 nimis
438 1885 554 1945 ornata
573 1880 683 1945 fronte
705 1879 826 1946 sedere
847 1880 944 1946 velis.

181 1981 322 2051 Credam
346 2001 410 2071 ego
430 1985 640 2050 narranti-
660 1983 725 2050 noli
746 1986 947 2078 committere
965 2025 1008 2040 -
1025 1985 1150 2052 famae:

223 2085 271 2156 Et
292 2093 413 2154 terram
434 2105 544 2154 rumor
567 2087 712 2155 transilit
733 2095 766 2156 et
787 2090 902 2156 maria.

629 2317 725 2392 XIX.

181 2469 276 2555 Etsi
296 2503 349 2553 me
368 2485 474 2552 invito
495 2484 663 2566 discedis,
686 2483 849 2570 Cynthia,
870 2486 990 2571 Roma,

223 2592 349 2656 Laetor
370 2588 455 2675 quod
479 2591 553 2655 sine
573 2608 627 2655 me
649 2588 750 2655 devia
771 2606 848 2654 rara
869 2590 971 2655 colas.

181 2692 299 2760 Nullus
322 2695 385 2758 erit
406 2694 511 2759 castis
533 2694 665 2760 iuvenis
689 2698 858 2776 corruptor
879 2695 913 2757 in
934 2693 1040 2781 agris,

226 2795 291 2877 Qui
310 2802 345 2863 ie
368 2795 535 2862 blanditiis
558 2815 622 2861 nan
642 2796 732 2861 sinat
753 2811 833 2860 esse
857 2794 1000 2879 probam.

148 2914 164 2960 c
182 2900 282 2966 Nulla
302 2918 411 2985 neque
434 2906 512 2965 ante
532 2905 609 2964 tuas
631 2901 754 2965 orietur
775 2899 850 2963 rixa
870 2898 1050 2996 ienestraS,

223 3005 297 3072 Nec
316 3006 376 3072 tibi
396 3005 560 3071 clamatae
581 3023 715 3070 somnus
735 3020 868 3068 amarus
890 3003 963 3067 erit.

103 3177 109 3185 ,
180 3103 353 3174 Salamis
377 3112 410 3173 et
431 3107 521 3172 solas
543 3106 732 3191 spectabis,
756 3103 917 3189 Cynthia,
939 3106 1067 3170 montes
1170 3183 1171 3188 ἵ

201 3207 270 3274 ΧΕῑ
290 3225 391 3293 pecus
414 3214 448 3274 et
469 3207 553 3272 fines
576 3209 732 3292 pauperis
760 3205 937 3294 agricolae.

181 3311 254 3402 Illic
275 3318 309 3377 te
330 3311 409 3378 nulli
432 3317 585 3396 poterunt
607 3327 815 3396 corrumpere
835 3308 904 3376 ludi

135 3431 164 3476 ιο
223 3416 384 3502 Famaque
404 3418 554 3503 peccatis
575 3415 714 3503 plurima
735 3430 840 3480 causa
861 3412 938 3478 tuis.

209 3663 253 3714 23.
271 3656 389 3728 imitare]
409 3666 512 3714 mutare
533 3663 562 3715 V.
643 3666 686 3717 24.
705 3666 824 3714 extremo
844 3661 877 3713 G.
895 3661 930 3710 R.
950 3659 987 3709 H.
1007 3657 1069 3723 M..
1089 3653 1213 3708 hesterno

135 3743 190 3799 md.
267 3746 310 3798 25.
329 3749 398 3797 tacta
413 3747 448 3799 R.
467 3749 505 3800 H.
526 3749 570 3799 M.
596 3751 637 3799 est
656 3749 690 3804 D.
707 3749 767 3814 M.‚
787 3763 837 3803 cm.
854 3747 889 3798 R.
908 3759 936 3798 a.
1010 3747 1054 3798 26.
1073 3740 1211 3806 belligicua

134 3845 179 3896 pr.
198 3844 233 3881 m.
252 3827 307 3881 Hb.
332 3830 422 3882 calore
438 3829 492 3883 Hb.
569 3836 613 3886 29.
632 3833 718 3884 Deme
737 3834 830 3899 Parc,
851 3832 961 3882 Deam.
983 3829 1014 3880 V.
1036 3826 1101 3878 mihi
1121 3829 1155 3879 D.
1173 3830 1214 3878 H.

135 3912 181 3962 Μ.
195 3913 242 3975 R..
261 3909 341 3962 michi
358 3911 397 3966 N.
464 3919 508 3966 31.
526 3928 589 3965 anco
612 3917 656 3982 0.,
678 3930 757 3966 succa
776 3915 807 3965 V.
872 3916 917 3964 32.
936 3911 1004 3962 bona
1021 3908 1107 3962 forma
1126 3914 1168 3962 eat
1186 3924 1212 3960 r.

135 3999 179 4048 ad.
198 4001 225 4049 ct
243 4010 294 4061 ego
311 3997 346 4048 R.
366 4013 426 4050 sum
444 3997 481 4056 N.
549 4002 592 4054 35.
611 4001 666 4053 iate
682 4004 759 4052 Pera.
780 3999 862 4050 lentes
879 4011 973 4063 pum.
988 3993 1042 4049 Hi.
1111 3994 1155 4046 33.
1175 3989 1214 4044 ai·
1298 3991 1300 4001 ’

137 4079 202 4132 dere
219 4081 264 4135 M.

205 4189 286 4258 XIX,
303 4195 329 4246 2.
347 4193 412 4246 colis
429 4196 462 4252 G.
473 4195 512 4248 N.
528 4194 562 4248 Ρ.
577 4211 616 4262 c.,
635 4194 707 4245 coles
722 4193 776 4260 M„
794 4190 870 4244 collis
887 4206 914 4245 r.
983 4193 1010 4243 3.
1030 4184 1097 4240 casti
1111 4213 1146 4223 -
1158 4182 1216 4248 agri

137 4277 213 4326 Perr.
282 4278 310 4329 4.
328 4278 400 4332 sinet
419 4281 450 4336 V.
518 4283 545 4336 5.
565 4295 614 4332 nee
628 4281 667 4330 H.
685 4283 794 4330 ornatur
815 4277 847 4329 θ.
917 4279 943 4332 6.
961 4289 1056 4326 avarus
1069 4274 1124 4335 IL,
1142 4284 1216 4321 ama·

139 4363 180 4444 tua
201 4361 234 4412 V.
285 4363 310 4414 7.
331 4362 497 4431 exspectabis
515 4364 553 4418 N.
606 4369 631 4419 9.
653 4361 732 4432 nulii]
752 4359 815 4414 nudi
833 4357 888 4414 Hb.
942 4364 984 4414 10.
1000 4357 1146 4422 Famaque.
