2848 4972
445 357 660 426 PROPERTII
681 359 745 425 ΕΙ..
763 361 809 440 II,
830 357 884 427 34.

216 529 325 598 Varro
346 528 540 597 Leucadiae
560 528 704 594 marium
724 529 853 594 tiammo
872 546 968 596 suae.

169 631 274 700 'llaec
295 647 425 717 quoque
445 630 566 697 lascivi
587 635 762 696 cantarunt
784 631 910 716 scripta
930 627 1062 717 Catulli,

217 734 345 807 Lesbio
364 735 440 822 quis
460 736 536 820 ipsa
554 735 664 800 notior
684 738 739 799 est
756 732 896 800 Helena.

175 837 272 905 Haec
293 839 393 905 etium
414 836 501 904 ducti
523 836 680 903 confessa
702 841 756 904 est
776 839 901 926 pagina
922 835 1031 922 Calvi,

130 957 160 1003 oo
219 940 302 1009 Cum
324 949 460 1010 caneret
479 943 624 1008 miserae
645 942 762 1007 funera
785 941 974 1025 Quintiliae.

176 1043 225 1115 Et
246 1046 342 1113 modo
362 1047 509 1113 formose
531 1065 627 1133 quam
648 1047 750 1113 multu
770 1045 936 1132 Lycoride
957 1045 1073 1115 Gallus

219 1149 370 1215 Mortuus
392 1149 522 1215 inferna
542 1148 682 1216 vulnere
702 1148 786 1218 lavit
808 1151 913 1234 aquai

178 1247 323 1336 Cyntinia
345 1251 422 1336 quin
444 1252 545 1316 etiam
565 1267 668 1315 versu
690 1247 825 1315 laudata
844 1248 1009 1336 Properti,

218 1350 293 1419 Hos
313 1351 401 1419 inter
422 1351 454 1419 ei
472 1368 526 1420 me
547 1367 672 1438 ponere
690 1345 796 1418 Fami
815 1350 915 1420 volet.

214 1593 259 1646 eo.
285 1586 389 1642 locaclie
406 1587 460 1657 N„
484 1585 623 1641 leuchadia
648 1589 700 1657 G„
725 1585 882 1642 loaclradiaa
901 1585 957 1648 Hir.
977 1604 1003 1643 r.
1029 1603 1093 1644 cura
1114 1593 1150 1644 H.
1174 1593 1204 1644 V.

132 1679 179 1733 88.
202 1675 274 1744 quia]
297 1674 372 1744 quoia
385 1691 438 1743 o,
464 1672 529 1742 quin
546 1679 584 1728 H.
606 1674 636 1725 V.
654 1674 695 1730 M.
719 1671 825 1726 hellene
841 1671 898 1728 Hb.
984 1677 1030 1728 90.
1056 1672 1154 1727 mirera
1173 1675 1204 1731 V.

133 1768 179 1820 91.
194 1759 327 1831 liquoridu
346 1763 380 1819 (i.
395 1761 434 1815 N.
451 1759 507 1816 Hi.
574 1765 618 1816 92.
637 1759 732 1814 lunera
747 1763 785 1830 ῌ.

208 1880 343 1948 Propertii
364 1881 460 1936 aurelii
483 1885 582 1936 nautoo
605 1881 675 1935 liber
697 1880 830 1935 aucundua
852 1877 963 1950 explicit
985 1879 1079 1936 urtica
1101 1879 1203 1952 incipit.

134 1969 196 2034 loge
215 1966 346 2021 foeliciter
361 1965 417 2023 Hir.
