2806 4974
257 931 601 1040 Quaestionum
638 928 1064 1048 Propertiauorum

462 1115 609 1181 Liber
652 1113 853 1182 tertias.

563 1281 739 1294 ——--

517 1415 796 1504 capnon

273 1561 321 1613 De
342 1561 546 1629 tatepritute
568 1547 701 1630 operam
718 1560 1035 1630 Propertlaaortror.
1124 1620 1131 1632 ,

220 1695 353 1792 Etiam
379 1729 467 1792 libris
490 1747 544 1791 sua
572 1728 744 1804 latrasse,
771 1745 855 1792 nemo
882 1744 959 1791 nunc
983 1728 1122 1808 miratur,
1150 1747 1189 1800 ex

114 1831 180 1898 quo
209 1815 241 1876 in
267 1815 456 1896 prouerbium
485 1814 560 1877 illud
588 1816 695 1878 dictum
723 1814 806 1878 abiit.
848 1815 913 1878 lior
940 1823 1037 1878 tamen
1057 1817 1189 1884 fortasse

114 1901 325 1964 admirabilius
345 1901 406 1980 (est
426 1902 502 1962 eninr
521 1912 601 1964 certe
622 1899 828 1979 singularius),
846 1900 1060 1981 Propertianos
1081 1905 1187 1984 libror,

114 1987 199 2068 quod
220 1986 348 2050 latorum
371 1988 487 2048 iniuriis
509 2004 568 2048 non
590 1988 662 2049 satis
683 1988 782 2050 uexati
805 2004 869 2048 esse
891 1987 963 2048 uinis
986 1987 1081 2051 doctis
1103 1989 1188 2054 uida·

114 2082 238 2148 rentur,
266 2091 330 2136 eam
354 2073 446 2154 ipsam
476 2073 513 2133 ob
537 2089 654 2134 carosam
676 2074 760 2135 nouis
789 2071 860 2133 tatis
884 2075 1083 2136 succubuisse.
1126 2077 1187 2140 lle-

112 2176 175 2238 que
200 2160 277 2220 eninr
298 2177 437 2238 napinam,
459 2157 564 2235 credo,
592 2160 651 2221 los.
674 2158 814 2236 Scaliger
835 2157 968 2220 ordinem
994 2161 1099 2222 borum
1119 2179 1188 2226 car·

112 2245 224 2306 mimium
245 2245 404 2318 turbasset,
426 2244 483 2304 nisi
504 2245 667 2306 Alexandri
688 2245 725 2306 ab
745 2242 915 2306 Alexandro
937 2247 1187 2312 narratiunculam

36 2384 40 2390 .
115 2340 236 2392 secutus
257 2332 355 2392 omnia
375 2329 523 2410 Propertii
548 2331 728 2412 exemplaria
747 2347 784 2390 ex
799 2329 863 2390 'nno
886 2347 982 2410 eoque
1002 2330 1188 2412 depravatis·

113 2417 191 2478 simo
223 2416 326 2478 codice
354 2415 475 2479 llunxisse
505 2418 718 2490 existimasset,
755 2432 849 2494 neque
880 2416 945 2496 ipse
979 2416 1185 2484 Lachmannus

112 2509 226 2565 tantum
246 2504 276 2563 in
294 2500 476 2563 dissecandis
498 2500 584 2562 libris
607 2510 636 2564 et
658 2500 763 2578 elegiis
787 2501 906 2578 ingenio
929 2517 983 2562 suo
1006 2501 1187 2583 indulsisset,

112 2589 174 2650 nisi
195 2587 248 2649 ille
268 2588 463 2650 litteratorum
483 2585 601 2648 Alcides
622 2596 681 2650 tam
701 2585 802 2647 nobile
822 2584 882 2666 ipsi
903 2588 1066 2667 exemplum
1088 2592 1188 2670 praei·

111 2675 216 2736 uisset.
258 2674 348 2753 Atqui
376 2674 433 2735 boo
455 2673 537 2735 lonte
558 2672 692 2735 derivata
713 2670 815 2732 clades
837 2707 888 2732 -.
929 2671 1039 2737 Verum
1060 2672 1097 2736 de
1127 2679 1188 2740 sin·

111 2760 194 2838 gulis
222 2759 311 2821 inira.
355 2760 410 2822 llic
440 2757 515 2820 illud
544 2759 637 2820 solum
666 2756 827 2818 admonere
856 2773 967 2837 operae
995 2760 1120 2839 pretium
1141 2763 1186 2826 ui·

55 2859 58 2867 ’
95 2846 219 2918 ‘datum
247 2847 342 2926 ipsunt
369 2844 532 2918 Nobbium,
559 2845 610 2926 qui
638 2844 711 2907 satis
738 2841 861 2916 ualidis,
889 2860 966 2922 quae
994 2852 1097 2907 contra
1120 2865 1186 2912 eam

110 2930 247 2992 fabulam
261 2930 333 3010 Gap.
343 2931 378 2994 V.
393 2949 581 3012 exponemus,
603 2928 784 3008 argumentis
800 2928 988 2990 obnitendum
1003 2946 1069 2992 esse
1085 2932 1187 2996 existi-

112 3018 256 3090 maverit,
287 3026 382 3077 tannen
411 3014 555 3097 quuaedam
592 3015 763 3089 adstruere,
797 3031 874 3094 quae
904 3013 944 3075 ad
971 3015 1063 3090 bano,
1098 3035 1186 3097 quam

113 3104 176 3164 ianr
199 3103 355 3164 tractaturi
382 3121 478 3164 sumus
503 3103 720 3183 quaestionem,
748 3115 806 3162 non
827 3116 949 3179 prorsus
973 3102 1032 3164 sint
1059 3102 1186 3168 inutilia.

109 3189 170 3251 Ille
188 3189 263 3248 enim
277 3187 420 3268 (Specim.
433 3189 518 3252 Obss.
533 3205 563 3267 p.
576 3185 642 3265 12.)
657 3205 719 3248 curn
736 3187 920 3264 ingeniosum
934 3185 965 3247 11
983 3204 1020 3249 ea
1035 3203 1069 3249 re
1086 3189 1187 3255 uideat

111 3276 253 3336 torturae
275 3272 378 3348 lustum,
395 3273 473 3354 quod
487 3275 578 3334 Arnon
588 3272 708 3358 Bacchi,
722 3271 871 3352 Propertii
892 3272 1022 3333 carmina
1038 3271 1186 3339 doliorum

109 3361 295 3425 vinariorum
321 3362 451 3441 hospitio
480 3359 602 3421 comiter
631 3368 754 3438 excepta
782 3366 811 3418 et
837 3357 1008 3436 posteritati
1036 3361 1095 3423 sint
1121 3379 1186 3424 ser·

103 3455 196 3522 xrata,
212 3454 317 3526 ¹tanuen
339 3445 454 3508 numid
477 3455 557 3506 certe
577 3445 735 3524 probabile
752 3441 930 3518 reddiderit,
953 3444 1044 3506 unnlto
1066 3445 1186 3510 facilius

109 3533 276 3595 exteriores
299 3550 385 3612 qnam
407 3531 565 3594 interiores
588 3531 700 3611 antiqui
716 3527 872 3593 uoluminis
893 3529 1020 3610 paginas
1039 3530 1186 3596 1111111-

108 3619 160 3680 fici
187 3618 338 3698 potuisse,
361 3620 416 3680 bos
445 3617 549 3690 etiam,
573 3617 679 3696 quibus
699 3615 868 3678 Alexander
891 3616 984 3693 magis
1007 3617 1117 3679 amicus
1139 3626 1186 3681 est

109 3722 199 3784 quiam
216 3705 338 3780 ueritas,
356 3706 387 3765 in
406 3703 511 3765 mediis
532 3702 620 3764 libris
643 3701 815 3781 digerendis
834 3700 988 3763 saeuitiam
1007 3719 1089 3764 suana
1106 3703 1183 3767 ictis

110 3791 338 3854 auctoritatibus
365 3792 396 3850 in
419 3808 523 3853 vanuum
554 3798 744 3850 excusaturos
772 3805 838 3849 assa
868 3785 977 3849 docuit.
1009 3787 1083 3849 ⁴laun
1111 3807 1184 3852 uero

110 3874 150 3936 ad
179 3895 215 3938 ea
237 3886 413 3954 argumenta
435 3873 689 3956 respondendum,
711 3874 817 3954 quibus
838 3869 1043 3935 Lachmanuus
1066 3874 1184 3954 (Praei.

110 3960 158 4024 ed.
185 3952 301 4044 Lips.)‚
331 3972 364 4024 ut
392 3962 585 4023 dilaceratum
612 3962 671 4021 iam
700 3959 859 4041 antiquitus
888 3959 997 4020 librum
1025 3959 1185 4024 secundnm

107 4047 139 4109 in
164 4048 223 4110 dno
245 4047 395 4111 uolumina
416 4047 585 4127 digereret,
607 4046 763 4108 adductum
785 4062 818 4106 se
841 4061 906 4106 esea
928 4055 1090 4109 asseuerat.

211 4135 339 4198 Primum
360 4135 445 4210 enim,
467 4144 499 4196 ut
519 4135 626 4195 bonam
647 4140 761 4213 partem
784 4147 905 4212 opernm
920 4131 1184 4211 Propertianorum

109 4229 208 4285 aetate
231 4222 424 4302 interceptam
448 4238 513 4281 esse
535 4219 658 4293 doceat,
680 4217 780 4281 Ouidii
801 4234 904 4280 uersus
928 4217 1045 4297 prolert
1067 4217 1184 4298 (Praei.

108 4326 139 4389 p.
159 4306 276 4387 xlm),
300 4309 352 4387 qui
373 4307 466 4370 Trist.
488 4306 534 4382 11,
556 4305 727 4370 4611111
750 4304 789 4367 de
807 4302 930 4368 Tibullo
952 4304 1057 4366 babet:
1155 4328 1157 4334 ’

910 4407 978 4470 14*
