2762 4972
233 343 285 421 88
548 357 740 417 Quaestionum
757 358 839 412 Liber
859 359 1000 413 secundus.

238 531 315 596 Tum
340 549 412 595 vero
441 531 572 594 carmine
599 531 629 592 in
657 530 801 594 laetitiam
828 530 925 594 soluto
954 531 1007 592 sub
1036 528 1123 592 linem
1148 535 1217 594 uota
1244 527 1295 590 diis

237 617 366 681 reddere
394 617 517 680 amicam
545 618 629 681 iubet
647 637 693 681 uu.
715 620 863 681 tae-ca.
909 618 993 696 Quae
1016 617 1114 678 omnia
1140 624 1199 678 tum
1223 615 1295 677 bene

239 712 360 780 coeunt,
387 713 421 766 ut
450 721 508 783 quo
537 703 648 766 indicio
676 704 771 766 fretus
792 703 918 765 lacobus
945 704 1000 764 hos
1027 703 1144 764 ultimos
1167 709 1297 782 quattuor

237 808 358 865 uersus,
379 791 444 850 sine
464 790 570 868 quibus
591 791 741 871 proximus
762 807 799 851 ne
820 799 900 852 stare
922 788 1039 868 quidem
1060 795 1173 868 potest,
1195 786 1296 848 areli-

239 877 305 955 quis
335 875 504 950 divulserit,
535 892 594 938 non
623 876 832 956 intelligamus.
888 875 992 955 Neque
1024 875 1114 949 enim,
1145 872 1223 953 quod
1248 871 1297 932 ille

237 961 360 1038 iudicat,
380 970 488 1042 poetae
509 973 562 1036 est,
584 962 717 1042 singulos
740 961 860 1024 allectus
883 960 1008 1040 singulis
1028 960 1185 1040 poematiis
1207 957 1295 1018 inclu-

238 1047 327 1122 dere,
354 1047 408 1110 sed
437 1048 534 1108 alios
558 1065 601 1110 ex
625 1048 718 1109 aliis
741 1049 868 1110 orientes
888 1063 1067 1128 proponere.
1112 1047 1295 1125 Quapropter

239 1151 352 1196 omnem
372 1135 449 1195 hanc
473 1133 600 1212 elegiam
620 1134 651 1194 in
675 1142 775 1214 partes
802 1133 919 1214 quoidam
944 1131 1077 1202 diuidere
1105 1131 1296 1202 sustinuimus,

238 1221 358 1299 integra
382 1228 479 1282 tamen
508 1227 537 1281 et
566 1237 641 1300 quae
665 1238 721 1300 per
748 1237 781 1282 se
807 1217 921 1300 aliquid
941 1218 1076 1281 ualerent
1101 1217 1230 1280 carmina
1250 1231 1295 1276 ea-

238 1305 303 1368 dem
328 1322 393 1368 esse
417 1306 596 1384 negavimus.
639 1306 715 1368 Nam
742 1323 808 1368 eum
835 1304 994 1386 singula
1021 1305 1080 1367 siut
1104 1303 1191 1382 lyrici
1212 1317 1297 1379 argu-

235 1391 325 1454 menti
356 1401 385 1453 et
411 1391 442 1451 ln
468 1391 541 1452 solis
569 1390 723 1453 affectibus
751 1402 922 1466 uersentur,
954 1398 1052 1452 tamen
1080 1387 1218 1469 quoniam
1244 1402 1296 1465 per

235 1476 393 1541 intervalla
425 1477 566 1558 temporis
598 1477 762 1558 composita
790 1495 856 1541 esse
886 1476 1051 1555 linguntur,
1085 1491 1183 1554 neque
1213 1469 1294 1533 modo

236 1563 406 1625 allectus
435 1572 560 1626 mutatos
588 1563 642 1625 sed
674 1564 763 1626 etiam
792 1581 854 1625 res
884 1563 967 1627 uarie
998 1561 1156 1624 inclinatas
1190 1556 1295 1620 descri-

233 1650 306 1712 bunt
327 1686 369 1696 -
393 1649 573 1712 universa
599 1649 690 1730 epicis
717 1649 880 1711 rationibus
905 1646 1059 1710 accedunt.
1102 1649 1185 1711 llaec
1207 1644 1295 1723 igitur

233 1735 393 1797 intervalla
413 1736 525 1797 maiore
550 1735 711 1796 interstitio
733 1735 919 1814 significare,
940 1752 1000 1795 non
1022 1733 1156 1797 diuersos
1178 1729 1295 1794 allectus

236 1820 338 1884 eadem
356 1821 513 1882 occasione
528 1830 622 1883 motos
636 1820 783 1896 uiolenter
800 1823 957 1900 seiungere
973 1828 1201 1882 consentaneum
1216 1823 1267 1877 est.

336 1904 441 1970 Medio
471 1916 569 1969 autem
599 1906 653 1968 illo
685 1907 826 1970 tristitiae
862 1916 892 1969 et
922 1905 1029 1986 gaudii
1059 1906 1295 1986 temperamento,

233 1991 374 2055 clausulis
396 1993 558 2073 aptissimo,
576 1992 655 2072 qnod
675 1993 706 2052 in
729 2012 793 2074 spe
815 1993 946 2054 melioris
968 1990 1146 2054 conditionis
1168 1992 1296 2069 apparet,

232 2077 405 2157 saepissime
426 2079 519 2140 utitur
539 2078 722 2158 Propertius,
742 2087 775 2142 ut
793 2079 841 2141 ΕΙ.
860 2078 912 2152 ΙΙΙ,
935 2080 985 2154 18,
1008 2080 1160 2140 31-34.
1181 2073 1294 2148 lv,11‚

233 2163 628 2237 101.102.,uniuduria
655 2172 775 2226 eventus
803 2164 986 2226 nobilitatem
1014 2173 1043 2226 et
1072 2159 1295 2242 magnitudinem

232 2247 323 2310 animi
351 2250 460 2328 optime
485 2249 626 2312 illustrat.
669 2251 774 2328 Neque
796 2251 858 2311 alia
882 2267 916 2312 re
942 2258 1146 2327 argumentum
1167 2243 1241 2308 illud
1261 2242 1295 2304 de

231 2334 330 2396 media
350 2335 412 2398 uita
433 2345 576 2415 sumptum
595 2336 700 2412 llas.
720 2337 751 2396 in
765 2337 903 2398 carminis
924 2335 1050 2398 formam
1072 2335 1199 2398 cessisse
1220 2345 1295 2402 reor,

231 2420 290 2482 nisi
319 2419 399 2499 quod
428 2421 594 2484 tabularum
621 2420 805 2503 perditarum
837 2420 970 2484 dolorem
1000 2439 1064 2483 cum
1091 2417 1296 2484 recordatione

230 2505 424 2584 gaudiorum,
451 2525 527 2587 quae
552 2508 613 2570 illis
643 2507 799 2569 commissa
825 2506 972 2589 quondam
998 2505 1136 2582 fuerant,
1162 2505 1205 2567 ita
1229 2519 1295 2564 con·

231 2591 371 2665 sociavit,
399 2600 431 2654 ut
458 2597 540 2674 spem
566 2593 735 2656 inveniendi
760 2593 865 2656 iterum
888 2593 1010 2654 amissas
1030 2593 1062 2653 in
1082 2592 1141 2654 line
1163 2589 1296 2668 concipe·

231 2686 278 2739 ret
299 2695 326 2740 r.
350 2682 499 2741 ‘al—24.
548 2678 660 2742 Eadem
688 2697 773 2760 spes,
803 2681 935 2761 quamuis
963 2695 1024 2740 non
1053 2677 1173 2741 disertis
1199 2673 1295 2740 uerbis

232 2763 398 2840 enuntiata,
416 2765 569 2846 promissis
591 2767 695 2828 saltem
716 2765 883 2841 indicatur,
903 2765 1010 2846 quibus
1031 2765 1089 2826 nisi
1108 2761 1244 2826 fraudari
1264 2773 1295 2820 se

230 2849 361 2912 uoluerit
380 2853 489 2926 Amor,
516 2850 652 2915 duritiem
673 2870 754 2913 suam
768 2841 805 2913 ‘in
827 2851 930 2915 melius
952 2851 991 2913 sit
1017 2867 1213 2914 conversurus
1236 2843 1294 2924 (ΕΙ.

228 2936 276 3010 ΙΙ,
300 2940 357 3010 12,
385 2936 560 3016 town).
611 2936 688 3014 Quid
713 2937 827 3000 multa?
867 2936 916 3000 Ad
943 2935 1066 2998 eundem
1094 2937 1172 2998 hunc
1200 2934 1294 2995 locun

232 3022 331 3083 omnia
353 3038 390 3083 ea
410 3023 541 3086 carmina
559 3025 716 3102 pertinent,
738 3041 814 3104 quae
834 3023 978 3085 suasoriis
1000 3023 1110 3084 similia
1131 3039 1223 3101 supra
1242 3017 1294 3078 de·

229 3107 385 3194 inivimus.
428 3107 502 3170 Nam
528 3109 767 3188 quotiescumque
793 3117 884 3188 poeta
911 3108 1018 3183 alicui,
1043 3117 1076 3171 ut
1105 3107 1178 3188 quid
1205 3104 1294 3168 iaciat

230 3201 282 3255 aut
310 3211 347 3254 ne
375 3193 466 3256 iaciat
497 3192 679 3272 persuadere
707 3194 786 3270 uult,
815 3194 863 3256 hio
892 3195 1030 3256 carminis
1054 3210 1232 3275 progressus
1257 3188 1294 3249 sit

229 3295 352 3341 neeesse
379 3286 432 3341 est.
473 3277 572 3340 Primo
596 3279 672 3340 enim
694 3279 762 3342 loco
789 3278 821 3340 in
844 3297 897 3357 eo,
924 3296 1049 3360 quocum
1077 3281 1156 3358 agit,
1182 3271 1294 3357 aliquid

231 3362 452 3438 animaduertit,
488 3381 546 3444 quo
573 3362 727 3441 laedatur,
763 3362 902 3448 quodque
933 3383 965 3427 se
994 3365 1043 3430 rel
1079 3381 1217 3426 moerore
1247 3357 1294 3425 uel

228 3447 329 3513 taedio
355 3448 403 3514 uel
426 3450 532 3512 timore
559 3457 739 3512 commoueat
763 3452 955 3530 (exordium).
997 3452 1074 3514 lluic
1100 3453 1193 3530 igitur
1221 3444 1293 3510 illud

230 3534 371 3616 opponit,
400 3534 479 3614 quod
506 3535 571 3615 ipse
601 3537 726 3616 probat,
757 3554 875 3618 quoque
903 3535 1060 3616 gaudet,
1091 3545 1120 3599 et
1145 3545 1206 3599 tam
1233 3531 1293 3594 suis

229 3638 318 3700 qoam
346 3620 475 3683 audituri
507 3621 642 3684 sensibus
669 3620 830 3686 blanditur.
878 3622 954 3686 ilino
982 3622 1014 3684 in
1044 3621 1102 3684 line
1130 3623 1236 3684 iterum
1262 3618 1293 3678 in

229 3704 433 3768 adversarium
461 3722 619 3770 conuersus
646 3725 705 3770 non
733 3708 858 3789 amplius
881 3710 1048 3789 vituperat,
1075 3705 1128 3770 sed
1155 3709 1294 3788 sperat,

229 3791 297 3854 lore
326 3801 359 3853 ut
391 3793 560 3876 praeceptis
590 3794 651 3855 sois
683 3795 715 3855 in
745 3793 873 3856 loturum
905 3810 969 3855 mos
1001 3801 1125 3871 geratur
1158 3791 1292 3868 (exitus).

195 3927 198 3932 .
229 3877 312 3942 Ilaec
339 3876 495 3958 dispositio
522 3880 631 3959 optime
657 3887 783 3960 apparet
809 3896 899 3942 carm.
921 3879 951 3953 l,
974 3871 1026 3955 2.,'
1047 3879 1078 3940 in
1105 3896 1163 3959 quo
1190 3871 1292 3940 exord.

231 3967 355 4039 1-a;
380 3963 505 4026 medium
528 3968 672 4041 7—ut.;
699 3967 794 4027 exitus
820 3967 971 4030 25—32.
1013 3963 1098 4026 Adde
1122 3966 1169 4028 ΕΙ.
1189 3964 1221 4038 Ι,
1244 3962 1294 4023 ΙΙ.

228 4050 264 4113 Α.
287 4051 391 4114 1-8.
413 4049 447 4112 Β.
469 4054 598 4114 9-26.
621 4049 654 4113 G.
678 4053 827 4115 27—30.
850 4051 996 4132 (mannis
1017 4050 1061 4112 ibi
1085 4051 1213 4131 partium
1236 4044 1296 4107 dis«

231 4136 354 4198 tributio
376 4134 561 4215 aliquatenus
581 4137 712 4211 uariata,
742 4154 802 4217 qua
822 4133 859 4198 de
882 4155 916 4199 re
938 4135 1071 4215 siquae
1091 4135 1171 4206 inira
1191 4125 1297 4196 dicturi

232 4220 345 4298 snmus)
369 4229 398 4283 et
419 4239 495 4302 quae
517 4221 734 4305 simplicissima
756 4230 802 4284 est
826 4219 883 4297 ΙΙΙ,
904 4227 973 4296 22.,
999 4220 1052 4282 ubi
1076 4240 1145 4304 cup.
1170 4219 1296 4283 1-16.

232 4295 374 4392 ἅντίστρ.
407 4311 559 4374 17-38.
595 4302 697 4391 ἕπῳδ.
732 4309 883 4372 stt-42.
941 4307 1068 4387 Saepius
1105 4308 1192 4370 etiam
1226 4298 1298 4366 laeti
