2822 4976
132 339 134 359 ¹
218 345 262 410 as
500 319 1009 416 cnouunruuuiu‚1o.ao.

263 511 336 582 illic
355 511 495 582 assidue
515 517 630 580 tauros
652 511 824 597 spectabis
846 515 982 578 arantes

305 617 354 686 Et
373 622 475 685 vitem
499 617 599 685 docta
620 634 743 702 ponere
766 615 854 685 falce
877 633 1000 697 comas,

263 723 377 808 Atque
397 724 442 788 ibi
464 740 542 788 rara
562 723 654 788 seres
676 720 798 786 inculto
821 726 897 786 tura
919 717 1056 804 sacello,
1123 755 1131 768 «

306 826 446 893 Haedus
468 829 523 894 uhi
545 828 693 913 agrestis
717 832 847 892 corruet
868 831 946 892 ante
966 824 1073 904 iocos,

221 939 248 985 ¹⁵
265 927 420 994 Protinus
442 934 477 994 et
498 927 587 994 nuda
609 927 749 994 choreas
771 928 944 994 imitabere
967 942 1059 1008 sura,

308 1028 426 1098 Omnia
446 1030 489 1098 ab
512 1037 649 1098 externo
672 1032 740 1097 sint
760 1030 856 1098 modo
878 1036 951 1097 tuta
972 1031 1056 1096 viro.

263 1130 343 1220 lpse
365 1150 429 1223 ego
450 1135 607 1202 venabor.
629 1136 695 1200 iam
715 1153 801 1200 nunc
823 1153 875 1200 me
897 1151 997 1200 sacra
1017 1131 1151 1198 Dianae

310 1235 492 1324 Suscipere
514 1246 549 1306 ot
571 1239 696 1306 Veneri
718 1257 842 1324 ponere
863 1246 945 1304 vota
965 1240 1068 1303 iuvat

266 1337 422 1426 Incipiam
445 1351 581 1430 captare
602 1344 694 1408 ieras
715 1350 750 1408 et
770 1341 911 1408 reddere
932 1343 1010 1425 pinu

221 1450 248 1496 ²⁰
307 1440 441 1508 Cornua
463 1450 497 1510 et
518 1442 666 1511 audaces
688 1445 763 1528 ipse
785 1462 917 1520 monere
941 1459 1059 1525 canes3

263 1543 340 1609 Non
361 1551 471 1612 tamen
493 1552 530 1612 ut
550 1554 668 1613 vastos
692 1548 798 1612 ausim
819 1553 948 1612 tentare
969 1545 1085 1611 leones

308 1646 377 1714 Aut
399 1649 488 1730 celer
508 1645 666 1737 agrestes
689 1652 836 1720 cominus
857 1653 908 1716 ire
929 1667 1027 1715 sues:

235 1771 239 1778 ·
264 1747 361 1818 Haec
381 1753 483 1840 igitur
504 1752 582 1820 mihi
604 1756 650 1820 sit
670 1755 803 1841 lepores
825 1753 965 1820 audacia
986 1752 1100 1818 molles

309 1853 478 1940 Excipere
501 1863 536 1924 et
557 1860 675 1925 stricto
697 1859 802 1948 figere
823 1876 921 1923 avem
944 1857 1082 1940 calamo,

222 1968 249 2014 ²5
268 1955 342 2039 Qua
364 1958 507 2026 formosa
528 1979 588 2026 sno
611 1961 794 2028 Clitumnus
815 1963 946 2027 flumine
967 1961 1041 2026 luco

307 2057 450 2148 integit,
474 2066 507 2128 et
528 2064 645 2128 niveos
669 2064 772 2129 abluit
792 2063 881 2130 unda
902 2064 1019 2129 boves.

265 2163 317 2230 Tu
340 2166 490 2249 quotiens
513 2166 637 2251 aliquid
659 2169 842 2248 conabere,
863 2168 952 2249 vita,
973 2170 1135 2232 memento

307 2248 487 2335 Ven'turnm
511 2273 625 2355 paucis
648 2289 700 2336 me
722 2273 782 2338 tibi
803 2271 979 2337 Luciferis.

266 2365 326 2435 Sic
346 2388 399 2435 me
418 2389 481 2438 neo
502 2372 596 2438 solae
617 2381 771 2459 poterunt
792 2379 947 2440 avertere
968 2371 1088 2457 silvae,

222 2481 250 2526 ³⁰
310 2475 383 2540 Nec
403 2493 498 2563 vaga
518 2479 682 2543 muscosis
704 2480 836 2543 fiumina
857 2478 935 2542 fusa
957 2478 1057 2566 iugis,

266 2575 352 2660 Quin
373 2595 438 2668 ego
458 2581 493 2646 in
514 2579 653 2648 assidua
673 2589 793 2648 mntem
815 2589 874 2648 tua
895 2582 1026 2648 nomina
1046 2580 1178 2670 lingua:

307 2683 452 2752 Absenti
472 2701 568 2752 nemo
589 2703 654 2751 non
676 2688 833 2752 nocuisse
854 2683 947 2754 velit.

717 2877 796 2950 XX.

265 2998 374 3107 Qun
395 3020 457 3085 nes
478 3017 623 3087 abducta
643 3021 783 3108 gravius
805 3014 988 3086 nnseruea
1009 3015 1088 3104 qno
1109 3019 1174 3086 nes

309 3123 422 3189 Anxia
444 3125 576 3210 captiva
597 3126 727 3191 tristius
752 3117 1011 3190 Andromacha?

268 3221 400 3306 Quidve
420 3243 495 3290 mea
513 3224 560 3290 'de
582 3224 699 3292 fraude
721 3224 822 3308 deos,
845 3227 983 3307 insana,
1003 3220 1159 3312 fatigas?

88 3296 116 3346 ⁶
310 3322 396 3407 Quid
418 3328 567 3412 quereris
589 3333 737 3394 nostram
760 3329 811 3394 sic
832 3325 999 3394 occidisse
1020 3321 1144 3392 sudem?

293 3555 335 3602 11.
358 3549 472 3602 ussadne
489 3566 532 3617 pr.
550 3567 584 3607 m.
601 3550 655 3606 no.
679 3550 805 3620 spectatis
822 3548 876 3604 Hi.
948 3555 990 3606 13.
1010 3499 1071 3602 iius
1089 3546 1152 3616 (sic)
1167 3549 1218 3618 N„
1235 3565 1296 3602 rurs

221 3650 265 3704 pr.
283 3652 318 3688 m.
339 3635 392 3692 Hb.
417 3637 485 3690 fidas
508 3654 534 3690 r.
623 3640 665 3690 li.
689 3638 727 3690 ibi
755 3641 786 3694 V.
813 3636 919 3702 eguistis
941 3654 985 3705 pr.
1003 3655 1039 3691 sn.
1055 3635 1110 3691 Hb.
1137 3641 1246 3687 corruat
1263 3641 1292 3691 Ρ.

222 3727 265 3774 16.
286 3728 405 3775 extremo
427 3738 453 3778 r.
532 3728 574 3777 17.
594 3739 638 3776 me
655 3741 726 3778 nnnc
743 3727 781 3777 H.
862 3730 903 3779 19.
929 3723 1012 3790 pinon
1036 3739 1079 3790 a,
1108 3721 1162 3787 pini
1185 3720 1241 3777 Hb.
1260 3723 1291 3775 D.

221 3797 273 3861 20(
287 3824 394 3860 movere
413 3813 454 3868 H.
475 3809 505 3865 V.
522 3813 567 3863 M.
586 3813 621 3865 R.
638 3808 695 3866 Hb.
797 3817 840 3866 21.
867 3816 998 3876 temptare
1021 3810 1076 3877 N.‚
1103 3813 1234 3861 tenuerare
1259 3811 1290 3864 G.

220 3896 265 3945 22.
288 3892 429 3958 quominus
447 3891 501 3949 Hb.
586 3895 700 3964 assit]
726 3895 749 3949 si
773 3893 827 3950 Hi.
858 3897 941 3947 moles
965 3892 1018 3945 Hb.
1108 3895 1152 3946 at.
1177 3909 1240 3945 aves
1260 3895 1290 3945 G.

219 3980 263 4030 25.
275 3993 324 4028 sua
334 3992 360 4028 r.
367 3977 400 4028 A.
418 3978 544 4031 clituntus
556 3979 604 4047 N.,
623 3979 739 4032 ciitirntis
754 3979 817 4047 (sic)
828 3976 883 4033 Hb,
903 3977 976 4048 luco]
995 3978 1074 4030 borco
1086 3974 1142 4028 Hb.
1190 3982 1233 4030 26.
1248 3992 1293 4044 pe-

198 4088 201 4092 ·
220 4062 268 4114 des
289 4062 320 4114 V.
390 4067 432 4114 29.
452 4063 497 4116 Sic
514 4080 549 4116 no
567 4072 594 4116 te
609 4081 652 4131 pr.
670 4082 723 4131 m.‚
742 4081 776 4116 ne
791 4081 833 4116 me
850 4080 873 4116 s.
886 4079 921 4115 m.
934 4061 988 4119 Hb.
1008 4063 1079 4116 solet
1096 4066 1242 4130 potnerunt
1259 4059 1290 4112 G.

219 4152 263 4202 ³0.
281 4145 395 4201 incensis
412 4145 466 4202 Hb.
537 4155 580 4204 32.
600 4168 634 4204 ne
657 4154 690 4204 (i.
703 4153 757 4218 R„
776 4167 818 4203 mo
834 4151 879 4207 M.

289 4247 356 4314 XX,
377 4252 402 4298 1.
423 4247 501 4303 Quod
521 4266 565 4319 pr.
579 4249 681 4308 m.11i.
701 4248 789 4317 gravis
806 4264 850 4319 pr.
865 4265 900 4304 m.
912 4247 950 4301 N.
1013 4250 1040 4303 3.
1059 4240 1137 4312 deos]
1155 4259 1229 4298 meos
1239 4239 1289 4296 Hi.

221 4333 248 4387 4.
266 4329 394 4385 cecinisse
410 4335 455 4385 M.
1097 4360 1100 4367 ,
