2822 4976
240 377 284 444 aa
327 441 333 460 ,
557 357 770 448 raoruaru
789 355 853 423 uu.
874 356 919 440 u,
940 351 996 426 ao.

255 562 269 608 a
286 539 423 629 Qualem
444 536 618 626 purpureis
638 533 801 622 agitatam
821 527 974 597 fluctibns
992 523 1124 610 Hellen,
1147 545 1149 548 ·

327 647 443 716 Aurea
462 661 559 730 quam
578 639 667 707 molli
685 645 820 728 tergore
838 634 934 700 vexit
952 632 1041 698 ovis.

287 749 393 835 Quam
414 748 521 829 timui,
540 763 583 810 ne
600 743 686 808 forte
707 747 797 807 tuum
816 749 907 802 mare
925 751 1043 801 nomeu
1063 729 1215 813 haberet,
1235 797 1237 802 ,

327 855 439 937 Atque
461 856 518 915 tun
538 847 655 913 labens
678 846 794 909 navita
814 842 909 906 tieret
934 839 1036 923 aqua!

289 956 383 1039 Quae
405 962 473 1021 tum
496 970 559 1039 ego
574 951 740 1035 Neptuno,
763 961 850 1031 quae
872 949 940 1008 tum
964 958 1034 1006 cum
1049 936 1190 1004 Castore
1210 931 1312 1016 natu,

247 1071 273 1116 ¹⁰
333 1058 492 1141 Quaeque
514 1055 574 1120 tibi
596 1052 734 1137 excepi,
755 1050 821 1114 iam
843 1045 908 1112 dea
927 1039 1130 1111 Leucothoe!

291 1164 338 1233 At
360 1168 396 1227 tu
417 1163 477 1224 vix
499 1159 622 1242 primas
631 1152 810 1219 extollens
832 1149 968 1238 gurgite
993 1146 1120 1231 palmas
1169 1227 1172 1232 Ι
1241 1189 1243 1193 ⁷

333 1264 448 1349 Saepe
469 1279 575 1326 meum
596 1275 712 1324 nomen
734 1257 800 1322 iam
823 1255 970 1339 peritura
988 1267 1104 1315 vocas.

290 1367 385 1452 Quod
407 1368 437 1430 si
451 1365 542 1430 forte
563 1369 639 1427 tuos
661 1358 807 1424 vidisset
828 1353 974 1421 Glaucus
997 1351 1131 1435 ocellos,

334 1469 445 1537 Esses
467 1466 552 1534 Ionii
575 1466 665 1530 facta
688 1461 798 1546 puella
819 1460 933 1539 mariS,

250 1573 341 1654 rsEt
362 1574 423 1640 tibi
444 1571 485 1640 ob
505 1566 662 1636 invidiam
683 1561 851 1631 Nereides
872 1559 1119 1644 increpitarent,

335 1675 488 1745 Candida
506 1675 662 1751 Nesaee,
683 1667 817 1735 caerula
840 1662 1030 1750 Cymothoe.
1058 1689 1067 1702 ν

296 1779 369 1852 Sed
390 1778 450 1843 tibi
473 1773 623 1842 subsidio
647 1769 833 1857 delphinum
854 1781 987 1834 currere
1007 1761 1088 1846 vidi,

335 1879 414 1962 Qui,
435 1882 529 1962 puto,
552 1875 723 1939 Arioniam
737 1872 887 1935 ‘vexerat
908 1871 985 1933 ante
1006 1865 1121 1949 lyram.

292 1985 429 2068 lamque
449 1997 514 2066 ego
533 1977 675 2044 conabar
696 1992 821 2041 summo
842 1987 894 2037 me
914 1973 1046 2036 mittere
1067 1984 1164 2052 saxa,

252 2101 280 2144 ao
340 2083 420 2149 Cum
440 2078 519 2144 mihi
541 2077 700 2143 discussit
720 2076 802 2141 talia
822 2075 898 2139 visa
920 2077 1038 2138 metus.

297 2188 394 2252 Nunc
418 2182 620 2248 admirentur
642 2177 729 2266 quod
752 2184 818 2244 tam
840 2174 918 2241 mihi
938 2171 1075 2260 pulchra
1097 2169 1205 2257 puella

342 2284 494 2364 Serviat,
518 2289 552 2348 et
573 2287 645 2347 tota
668 2279 760 2345 dicar
781 2281 815 2344 in
836 2278 918 2343 urhe
939 2281 1086 2362 potens·

299 2389 392 2469 Non,
414 2387 444 2449 si
466 2383 654 2468 Cambysae
676 2380 817 2446 redeant
839 2384 873 2443 et
894 2376 1025 2441 humina
1047 2373 1177 2457 Croesi,

342 2491 458 2557 Dicat:
479 2487 560 2569 „De
580 2490 695 2551 nostro
717 2499 838 2569 surge,
857 2487 972 2566 poeta,
994 2479 1099 2544 tor0.“

257 2611 284 2656 ns
301 2595 387 2660 Nam
409 2607 483 2656 mea
504 2608 577 2655 cum
599 2589 734 2669 recitat,
757 2586 837 2651 dicit
857 2602 897 2650 se
918 2582 1032 2648 odisse
1053 2582 1186 2647 beatos:

344 2694 499 2762 Carmina
518 2699 584 2758 tam
605 2696 721 2777 sancte
741 2687 834 2755 nulla·
851 2687 959 2772 puella
981 2686 1068 2752 colit.

300 2799 437 2866 Multum
458 2797 493 2860 iu
513 2811 624 2860 amore
644 2792 748 2873 hdeS,
769 2791 901 2857 multum
922 2789 1111 2856 constantia
1130 2786 1280 2874 prodest:

346 2899 411 2982 Qui
434 2898 515 2965 dare
535 2897 635 2963 multa
655 2901 785 2983 potest,
807 2894 909 2960 multa
930 2900 964 2959 et
985 2908 1097 2958 amare
1118 2898 1237 2977 potest.

303 3003 375 3072 Seu
396 3020 487 3068 marc
508 3017 569 3087 per
588 3001 719 3088 longum
739 3015 814 3066 mea
835 2999 962 3083 cogitet
982 2996 1032 3060 ire
1054 2994 1174 3080 puella,

259 3124 286 3170 ao
347 3107 445 3174 Hanc
468 3121 608 3190 sequar,
629 3110 664 3169 et
684 3101 768 3168 fidos
788 3118 854 3165 una
876 3104 958 3186 aget
978 3115 1060 3163 aura
1077 3095 1174 3164 duos.
1248 3127 1251 3132 ·

304 3209 412 3277 Unum
432 3208 511 3274 litus
534 3209 598 3273 erit
620 3207 737 3291 sopitis
758 3219 889 3287 unaque
908 3206 997 3266 tecto

350 3311 478 3394 Arbor,
499 3315 534 3376 et
556 3325 599 3374 ex
622 3325 688 3374 una
709 3323 814 3392 saepe
836 3304 984 3373 bibemus
1006 3317 1106 3387 aqua,

335 3503 362 3554 5.
380 3497 492 3565 agitauit
508 3517 533 3556 r.
550 3515 594 3569 a„
618 3500 744 3565 agitatam
764 3499 839 3550 Perr.
858 3502 895 3551 H.
912 3497 957 3548 Μ.
982 3493 1058 3546 heleu
1075 3488 1131 3545 Hb.
1219 3493 1244 3549 8.
1262 3508 1326 3544 moe·
1402 3469 1403 3524 i

265 3599 328 3637 rens
348 3585 381 3636 G.
400 3583 482 3635 ferret
496 3588 533 3636 Η.
584 3591 610 3638 9.
631 3582 699 3652 tum]
717 3599 797 3651 quarn
816 3584 848 3635 V.
868 3579 948 3649 quae]
968 3593 1045 3646 quem
1064 3578 1106 3645 7.,
1125 3592 1175 3631 om.
1192 3579 1229 3628 H.
1248 3573 1326 3642 fratri]

262 3667 327 3720 ferri
345 3685 388 3736 pr.
405 3684 440 3719 m.
458 3665 511 3722 Hb.
599 3669 800 3733 laticemque
821 3666 853 3720 V.
880 3664 1047 3730 excepti-M.
1072 3668 1128 3714 tom
1146 3677 1185 3728 aa,
1201 3660 1255 3712 iam
1272 3677 1328 3713 mse.
1402 3647 1403 3712 ἶ

265 3769 360 3806 carnes.
379 3751 537 3804 leochothoe
554 3753 601 3820 N.,
618 3751 759 3805 leucothoe
775 3767 802 3804 o.
823 3751 866 3820 6.,
884 3752 1007 3802 leucoloe
1024 3747 1090 3816 Hb„
1111 3745 1250 3802 leucothea
1262 3749 1294 3799 Ι).
1304 3747 1329 3800 Ρ.

265 3843 307 3890 ll.
325 3837 447 3902 gurgites
465 3839 501 3895 N.
578 3843 620 3891 13.
641 3841 721 3888 tunna
740 3833 795 3889 Hb.
874 3837 916 3888 15.
936 3850 1002 3902 prae
1021 3833 1123 3886 inuidia
1141 3835 1193 3900 R„
1220 3833 1253 3884 ob
1270 3832 1331 3884 iuri·

263 3922 333 3974 diam
351 3923 381 3974 P.
398 3924 427 3974 iu
442 3939 536 3992 uturp,
555 3939 617 3991 prae
635 3920 736 3973 invidia
756 3938 783 3977 u.
803 3921 837 3974 ob
858 3921 934 3976 Perr.
946 3925 982 3971 H.
997 3920 1031 3972 D.
1050 3916 1176 3972 inuidiam
1194 3916 1229 3969 D.
1240 3922 1276 3968 Η.
1297 3915 1332 3967 in-
1402 3911 1403 3930 ¹

263 4005 426 4074 crepitarnrit
441 4013 479 4064 H.
559 4013 601 4062 16.
620 4007 693 4060 nisce
711 4006 742 4062 Ρ.
759 4024 802 4074 o.,
821 4007 913 4057 niseae
930 4005 966 4057 N.
985 4020 1009 4059 r.
1028 4002 1098 4069 Hb,
1117 4017 1214 4053 nessae
1231 4003 1280 4067 la,
1297 3998 1333 4051 ui-

264 4095 317 4146 seis
336 4095 369 4149 G.
395 4100 532 4158 cymotoae
555 4112 580 4150 r.
669 4097 709 4146 17.
733 4093 880 4146 subsidium
906 4094 945 4143 H.
1034 4093 1077 4143 18.
1103 4088 1190 4142 Quam
1215 4087 1252 4142 N.
1276 4085 1334 4137 irio·
1402 4127 1403 4160 p

263 4179 334 4230 niam
348 4178 402 4233 Hb.
465 4187 508 4234 19.
530 4178 608 4248 saxo]
627 4181 663 4232 ol.
683 4182 765 4246 ponto
782 4194 874 4244 murpo
895 4179 928 4229 6.
990 4180 1033 4230 20.
1052 4174 1128 4226 iussa
1146 4172 1183 4225 N.
1241 4176 1282 4226 22.
1300 4170 1335 4220 di·
1402 4175 1403 4198 l

264 4269 340 4316 catur
362 4281 405 4332 pr.
424 4281 460 4336 m.
476 4265 531 4318 Hb.
615 4270 659 4321 23.
677 4265 800 4329 cambyse
821 4265 855 4316 D.
943 4267 985 4317 25.
1009 4259 1114 4313 residat
1133 4259 1166 4311 G.
1193 4256 1298 4312 audisse
1313 4271 1334 4307 r.
1402 4247 1403 4298 l

263 4353 306 4404 26.
324 4356 431 4403 sauctae
448 4351 485 4408 N.
506 4350 579 4404 nollit
597 4367 622 4404 r.
692 4354 737 4406 29.
757 4341 837 4402 Noun
855 4349 935 4416 alapia
953 4350 983 4401 in
1000 4345 1036 4402 N.
