2762 4972
179 350 265 423 Caput
281 349 315 408 V.
350 349 393 405 De
408 349 585 424 dispositione
599 351 747 409 mrminnm
762 355 1006 427 Propertianorum.
1053 341 1127 422 101

77 543 128 591 eun
145 521 190 590 El.
210 525 254 602 11,
276 527 345 602 84„
371 523 429 590 illi¹
442 524 494 606 qni
519 526 671 608 peperoit,
697 545 737 594 ne
761 527 831 593 lunio
859 543 962 594 manna
989 527 1125 609 interret,

76 630 122 676 non
145 611 269 675 debebat
298 610 463 678 admoueri.
509 611 567 676 Hie
597 613 693 696 igitur
724 617 853 698 partium
881 615 957 681 erdo
984 625 1122 683 notarum

76 698 227 781 rumpendio
250 715 425 780 expressus:

297 864 323 906 a.
341 846 430 916 (Haeo
444 863 505 918 pars
522 847 593 917 apud
610 847 728 905 animum
745 848 917 921 inteligitur)

76 921 255 979 ΗΜ·
298 919 324 1041 l:
341 913 627 1122 &leiti-⁶1⁸.
1043 947 1047 955 ’

299 1054 444 1122 propositio
472 1070 500 1121 γ.
520 1060 563 1112 19.
579 1059 623 1114 20.

298 1139 323 1177 a.
341 1129 385 1182 2³.
401 1125 444 1175 ut.
476 1123 501 1178 b.
520 1126 563 1180 2⁵.

77 1159 99 1213 Β·
111 1174 133 1213 i·
149 1161 272 1215 ²¹·³²·
298 1207 323 1246 a.
340 1194 461 1246 us-ae.
478 1191 504 1243 b.
521 1195 565 1247 no.
580 1195 626 1248 ao.

650 1221 773 1292 probatio

388 1276 413 1314 a.
431 1265 474 1311 31.
492 1263 536 1314 ³2.

76 1367 99 1421 o.
114 1382 134 1422 v.
148 1370 273 1426 ea-ea.
298 1343 321 1382 ⁰·
338 1324 375 1387 “²
386 1323 566 1468 Jf'ffiqff·
582 1333 627 1384 ³⁶·

75 1549 126 1628 Qua
147 1551 177 1614 in
198 1549 395 1634 dispositione
422 1551 481 1616 soli
504 1571 607 1620 uersus
629 1555 680 1618 33.
703 1559 732 1616 et
752 1553 804 1614 at.
826 1567 887 1616 non
909 1557 991 1616 reete
1015 1547 1123 1614 redere

74 1637 202 1714 utentur,
230 1657 307 1720 quos
331 1639 485 1721 equidem,
510 1641 537 1704 ai
564 1641 629 1704 fata
656 1640 807 1712 siuissent,
835 1647 955 1720 poetam
983 1636 1122 1701 emenda·

75 1731 152 1785 turum
170 1725 263 1788 fuisse
280 1726 381 1789 oredo.
423 1727 499 1790 Nam
518 1725 716 1806 interpolatos
735 1741 794 1787 nou
813 1742 879 1788 aare
893 1742 996 1787 rursus
1008 1740 1054 1787 ιι.
1068 1722 1120 1786 35.

76 1817 98 1872 et
115 1813 158 1874 36.
179 1810 302 1888 docent,
330 1814 380 1894 qui
405 1812 468 1875 illis
490 1812 614 1876 sublatis
637 1813 730 1874 minus
752 1810 842 1873 etiam
864 1827 950 1892 quam
975 1809 1034 1890 ipsi
1056 1824 1121 1870 enm

74 1887 257 1976 superioribus
281 1899 472 1979 quadrarent.
493 1936 536 1948 -
578 1897 720 1978 Sequitur
739 1895 787 1960 ut.
804 1897 847 1972 ΙΙ,
868 1902 938 1972 22„
957 1912 1036 1976 quae
1057 1910 1123 1956 eum

74 1989 122 2043 tota
145 1985 180 2047 sit
207 1983 398 2060 defensoria,
426 1983 499 2047 inde
524 1984 654 2047 tortasse
679 1981 825 2063 scrupulis
848 1982 1039 2063 quibusdan,
1065 1979 1144 2042 nisi‘

75 2067 131 2130 uitia
149 2069 243 2146 dieas,
270 2071 407 2147 laborat,
429 2088 505 2152 quos
527 2072 640 2135 euitare
661 2065 865 2132 difficillimum
885 2076 931 2134 est
951 2076 1075 2151 poetae,
1096 2065 1124 2128 si

74 2154 297 2221 ratiocinationes
319 2165 348 2220 et
375 2158 571 2239 probationes
591 2156 723 2219 aaronita
742 2153 895 2220 includere
917 2152 1124 2234 aggrediatur.

75 2238 224 2306 dicantem
245 2260 352 2307 nouam
373 2245 484 2305 amoris
502 2243 581 2306 riam
597 2259 692 2323 nuper
711 2242 875 2321 ingressus,
896 2259 956 2323 qua
975 2239 1124 2305 uariarum

74 2326 217 2405 puellarum
239 2329 397 2392 ardoribus
418 2329 528 2410 passim
551 2336 580 2392 et
602 2328 688 2391 simul
714 2329 753 2392 sit
773 2327 937 2403 obnoxius,
963 2324 1042 2407 apud
1062 2322 1124 2386 De·

73 2414 258 2492 nophountem
279 2433 312 2478 se
334 2413 477 2478 defendit.
521 2414 609 2492 Quod
629 2423 662 2477 ut
689 2414 808 2477 ratione
831 2412 898 2490 iiat,
926 2411 958 2476 in
984 2409 1124 2493 proposi-

72 2497 137 2560 tione
160 2501 223 2563 iata
245 2519 301 2565 sua
322 2509 443 2564 enarrat
467 2498 515 2578 (A.
541 2499 702 2577 1-12.);
729 2498 836 2562 deinde
858 2515 935 2581 quae
958 2507 1063 2567 eontra
1083 2495 1122 2558 ab

73 2585 150 2647 anieo
176 2586 281 2650 afferri
313 2589 429 2668 possint
444 2587 450 2594 '
463 2595 640 2666 argumente
668 2585 765 2649 diluit.
812 2585 877 2650 lieu
900 2591 934 2646 ut
961 2583 1124 2646 oratorium

72 2671 113 2744 ait,
137 2671 202 2735 hino
228 2683 327 2737 tanen
351 2672 518 2751 elegiacum
539 2671 649 2754 ancipit
673 2673 820 2748 colorem,
846 2668 927 2754 quod
954 2671 1065 2734 amicus
1090 2674 1124 2729 ut

72 2765 195 2835 patronus
217 2776 311 2822 sanae
331 2759 436 2822 nentis
456 2775 576 2820 eausam
597 2774 691 2836 agere
710 2758 846 2836 ingitnr;
870 2753 949 2820 unda
970 2773 1047 2838 quae
1068 2752 1124 2815 ille

72 2843 158 2907 tliieit
183 2846 456 2909 conscientiam
485 2844 584 2907 reati
611 2841 711 2922 dieas,
736 2844 768 2905 in
794 2843 861 2924 ipso
887 2851 997 2924 poetae
1025 2840 1122 2902 anino

71 2945 132 2990 enm
158 2931 330 3013 imperiis
359 2927 562 2994 libidinum
586 2927 700 2993 frustra
718 2938 909 3011 pugnantem.
951 2924 1126 2993 Adversarii

71 3014 147 3094 igitur
174 3018 256 3080 diota
277 3015 390 3080 medias
412 3017 553 3079 carminis
580 3023 682 3097 partes
711 3015 898 3094 obtinebunt,
926 3014 1123 3079 refutationes

70 3113 161 3182 poetae
190 3103 351 3168 clausulas.
398 3103 474 3167 Sunt
499 3101 682 3186 tamenilla
707 3101 882 3166 breuissima
908 3102 951 3181 (ι.
974 3103 1025 3164 13.
1046 3096 1126 3176 21),

70 3196 188 3269 atquae
211 3191 372 3271 unicuique
398 3205 471 3252 sano
499 3195 638 3271 prompta
666 3188 726 3251 sint
753 3205 809 3251 nee
834 3189 1020 3270 expositione
1046 3183 1124 3246 iudi·

70 3284 160 3351 genet:
179 3278 238 3339 luae
260 3285 366 3339 eontra
384 3276 559 3354 ambagibus
580 3274 813 3351 circumductae,
831 3282 866 3338 ut
885 3276 917 3337 in
936 3267 1124 3336 defendendo

69 3368 235 3442 satagentem
253 3363 358 3445 eulpae
380 3361 528 3425 consulum
547 3369 684 3440 arguant.
726 3359 856 3423 Primum
872 3361 967 3442 igitur
982 3358 1038 3421 illo
1053 3375 1126 3419 ean-

67 3461 117 3506 aan
135 3455 193 3510 tam
215 3449 327 3511 funesti
348 3449 458 3510 amoris
477 3453 637 3530 quaerente
659 3445 709 3526 (B.
729 3464 758 3510 u.
779 3447 865 3526 la),
891 3463 1012 3510 oausam
1031 3443 1124 3506 ullius

69 3530 187 3598 insaniae
218 3535 417 3615 quaerendam
439 3551 506 3596 ease
531 3533 649 3596 omnino
677 3540 779 3612 negat.
820 3533 904 3596 liaeo
930 3549 1002 3614 pars
1024 3528 1074 3610 (G.
1095 3545 1124 3591 ι.

69 3619 218 3701 14-20.)
240 3629 322 3684 certo
343 3619 506 3684 fortissima
526 3627 556 3683 et
576 3635 647 3683 rere
666 3621 786 3700 poetica
806 3637 887 3683 auam
907 3619 1014 3681 iterum
1035 3616 1126 3678 habet

69 3699 288 3785 dispositionem.
337 3707 406 3771 Non
430 3707 596 3770 rationibus
624 3722 687 3767 rem
714 3706 766 3786 agi
791 3703 862 3784 (a).
904 3704 973 3779 Sir,
994 3704 1055 3778 ait,
1080 3709 1127 3764 est

69 3786 129 3868 (ιι),
149 3793 192 3855 sie
214 3789 363 3876 quondam
383 3791 441 3873 tuit
458 3792 529 3874 (pl),
551 3790 595 3854 siu
614 3791 646 3853 in
666 3807 714 3852 me
735 3806 854 3874 qnoque
877 3798 923 3854 est
936 3787 1005 3873 (pt).
1047 3787 1126 3851 Pue-

68 3890 147 3938 naene
166 3887 279 3944 tantam
299 3879 445 3942 insaniam
462 3885 623 3961 sequuntur
635 3876 717 3957 (ult
760 3877 828 3941 Nun
843 3893 914 3940 euro
930 3892 1043 3957 poenas
1057 3872 1124 3952 (a).

70 3957 188 4026 Alterum
205 3967 308 4046 utique
328 3974 531 4044 argumentum
551 3971 620 4045 pust
637 3960 713 4024 illud
731 3962 868 4028 uideatur
883 3961 1020 4025 debilius.
1063 3962 1124 4026 Va·

70 4040 179 4112 latudini
208 4059 290 4115 oerte
314 4051 481 4133 prospiciat
501 4042 563 4132 (B'.
584 4067 612 4113 u.
634 4053 713 4128 ul).
755 4049 821 4112 flue
842 4047 1016 4130 simpliciter
1035 4053 1126 4126 negat

72 4128 104 4206 (ι.
124 4136 208 4214 22.),
237 4138 281 4200 ita
308 4147 424 4210 tamen,
454 4148 487 4200 ut
516 4154 581 4200 eam
609 4143 725 4216 partem
753 4126 843 4215 (G'.)‚
871 4146 903 4198 ut
931 4133 1125 4214 superiorem,

73 4221 199 4303 exemplis
225 4222 375 4286 confirmet
399 4214 452 4302 (a'.
473 4225 625 4286 *za-24.
647 4213 688 4284 b'.
711 4221 862 4286 25-33.
885 4213 921 4284 u'.
942 4219 1020 4299 dt).
1064 4217 1127 4280 lam
1222 4219 1226 4228 '

73 4318 130 4368 uero
154 4317 225 4390 post
253 4309 419 4375 destructas
445 4308 613 4376 aduersarii
638 4307 830 4390 intentiones,
857 4316 890 4372 ut
915 4304 1045 4370 oratoria
1074 4311 1128 4380 eet,
