2834 4972
235 345 287 428 34
497 433 500 440 ,
559 355 752 418 Quaestionum
771 353 853 408 Liber
873 354 984 425 primus.

208 485 418 620 ·ecceperunt
436 529 491 614 (oi.
512 548 578 613 cop.
600 527 664 610 3.),
691 545 730 592 ne
755 524 789 590 id
816 525 934 611 quidem
961 523 1113 606 sequitur,
1141 529 1174 588 nt
1197 522 1313 601 inge·

239 641 346 688 unam
370 621 464 683 inisse
492 617 646 700 cynthiam
676 615 902 679 demonstretur.
944 612 985 676 At
1013 612 1137 673 honesto
1167 617 1248 671 certe
1277 616 1314 671 ut

239 709 308 774 loco
335 714 406 770 nutu
432 705 542 782 luerit,
567 702 600 766 id
627 719 727 765 omnes
756 701 877 782 cupiunt
904 700 1102 780 interpretes,
1132 702 1161 758 et
1188 693 1314 755 demon·

239 804 338 860 strorc
364 790 499 855 nonnulli
526 798 685 865 conentur.
728 785 845 852 Etenim
864 785 990 866 anpius
1013 780 1117 864 (proll.
1136 799 1167 862 p.
1184 778 1313 856 XVIII.)

238 881 325 944 istum
356 877 531 942 senteutiam
560 893 599 940 ex
625 873 673 938 El.
698 871 742 951 ΙΙ,
771 874 962 952 13,11.10.
990 878 1169 950 extorquere
1202 864 1315 940 studet,

130 1045 164 1078 ἡ
238 966 291 1030 nbi
310 971 416 1050 putta:

373 1080 452 1148 Non,
468 1076 570 1148 iuquit,
586 1091 631 1146 epo
647 1088 704 1130 sum
720 1075 822 1142 somene
838 1081 939 1126 tuntum
955 1071 1216 1139 minuendorum,

409 1148 468 1202 Neo
483 1149 508 1201 si
524 1163 576 1216 pua
593 1147 766 1199 illustres
783 1145 880 1211 soniste
895 1144 981 1196 iuctut
998 1156 1099 1196 noos:

238 1267 293 1335 sed
321 1268 348 1333 si
376 1265 417 1334 od
446 1283 517 1346 eus,
547 1265 726 1351 quistatim
754 1274 924 1348 sequuntur.
948 1282 1068 1339 uersus,
1098 1255 1226 1326 orimum
1254 1257 1310 1324 ed·

237 1356 383 1424 terteris:

373 1455 420 1508 hle
435 1453 510 1507 iuuat
527 1454 556 1506 tn
571 1453 670 1520 peonio
687 1451 779 1503 doetne
795 1450 887 1517 leplsee
901 1449 1007 1516 puellae

405 1521 522 1576 Auribus
539 1527 566 1574 et
581 1523 659 1590 puris
675 1522 776 1586 scriptu
795 1517 923 1586 probasse
937 1533 995 1569 nucu
1017 1543 1052 1557 -

235 1647 348 1711 tuntum
366 1644 474 1708 obesse
493 1641 663 1722 intelliges,
689 1647 722 1704 nt
742 1640 924 1705 illustres
949 1641 998 1704 uri
1021 1638 1059 1702 ud
1081 1638 1224 1722 Cynthiae
1251 1657 1307 1719 ge·

172 1763 178 1772 ⁸
235 1751 291 1797 nus
318 1729 471 1796 referendi
499 1729 558 1792 sint
581 1727 627 1805 (id
651 1724 731 1808 quod
754 1727 939 1794 Weiuhertos
961 1727 1127 1791 concedere
1156 1744 1210 1789 suo
1238 1727 1307 1790 iure

237 1817 353 1882 dubitet
373 1819 394 1881 l.
415 1815 472 1894 1.),
498 1823 530 1879 ut
558 1811 672 1879 docte
699 1812 803 1895 puello
824 1832 844 1876 e
864 1821 954 1894 poete
981 1813 1168 1876 honestae
1189 1812 1306 1876 lormue

235 1903 529 1981 illustribusque
558 1899 622 1963 nris
652 1899 835 1980 opposito
861 1899 910 1964 sit.
953 1898 999 1961 De
1025 1899 1055 1963 ri
1078 1901 1155 1962 enim
1176 1898 1306 1962 locutio-

235 1989 282 2052 nis
317 2005 392 2051 non
428 1995 573 2050 tuntum
601 1981 640 2049 ci.
669 1994 821 2048 comment.
850 1985 890 2047 od
918 2001 944 2047 e.
968 1984 990 2048 1.
1042 1983 1087 2050 Nc
1116 2003 1174 2048 uuo
1206 1993 1307 2048 outcm

235 2073 355 2157 quidem
375 2073 467 2139 verbu
489 2070 651 2152 significet,
680 2071 832 2152 Cynthium
854 2087 972 2153 quoqne
993 2091 1076 2134 suam
1097 2073 1240 2135 nobilium
1260 2072 1307 2133 ie-

234 2161 377 2224 minarum
404 2174 525 2220 numero
554 2158 709 2220 contineri.
759 2160 799 2221 At
826 2156 1071 2223 WeIchertus
1094 2158 1169 2239 (1.1.
1191 2177 1219 2219 n.
1240 2160 1306 2236 8.);

234 2263 357 2327 „neque
383 2244 527 2318 Hostiu“‚
554 2242 666 2323 inquit,
694 2241 847 2320 „obscuro
876 2243 945 2306 locu
973 2243 1092 2312 ridetur
1124 2253 1196 2308 nate
1226 2261 1305 2320 esse,

235 2331 350 2413 alioqui
370 2329 545 2411 Propertius
568 2346 627 2392 uon
646 2329 714 2392 iloto
734 2328 788 2392 sed
807 2345 880 2393 reru
906 2329 1023 2392 nomine
1050 2349 1114 2392 esur
1136 2328 1304 2395 cecinisset.

234 2417 299 2482 Ilon
328 2416 404 2482 enim
431 2415 492 2479 ficti
516 2414 643 2477 nominis
670 2434 724 2478 usu
749 2424 858 2498 poetae
885 2425 1133 2497 procuraverunt,
1160 2426 1192 2480 ut
1213 2417 1305 2478 rebus

234 2520 343 2567 nomeu
371 2503 491 2566 obesset
528 2501 751 2583 numiuibnsque
785 2501 900 2584 pudor,
935 2501 978 2564 uti
1009 2503 1051 2565 eit
1082 2501 1168 2568 Ouid.
1197 2501 1303 2566 'Iristt

232 2589 273 2667 ΙΙ,
288 2589 384 2654 434.“
423 2587 491 2667 Ego
508 2604 581 2651 reru
601 2604 783 2668 magnopere
803 2607 848 2651 me
867 2585 945 2651 nelle
963 2588 1117 2668 profiteor,
1134 2589 1182 2652 nir
1200 2587 1305 2650 doctus

233 2673 292 2738 hoo
328 2682 501 2754 argomento
535 2673 734 2737 abstinuisset.
792 2674 871 2752 Quid
907 2674 1006 2738 euim?
1055 2674 1161 2738 Nonne
1195 2674 1305 2736 Pleniu

233 2759 378 2841 Cynthiae
400 2768 521 2822 nostroe
543 2770 572 2823 et
594 2776 697 2821 umore
717 2768 748 2824 et
768 2777 850 2824 more
876 2759 1029 2840 prosimu,
1055 2779 1141 2841 quum
1162 2760 1304 2822 Tibullus
1402 2815 1408 2838 ,

235 2847 289 2910 sub
313 2845 449 2909 Deliae
476 2846 592 2908 nomine
618 2845 716 2909 lutere
742 2845 844 2922 iussit,
871 2845 1013 2907 libertino
1037 2841 1115 2911 iuit'l
1159 2845 1238 2924 Quid
1264 2845 1305 2908 de

231 2931 375 2996 Lesbio
397 2929 503 3008 dinem,
519 2949 606 3013 quac,
625 2932 756 3012 quemvis
769 2930 878 2995 Catulli
896 2932 1007 2994 chortis
1021 2932 1194 2995 inmortalis
1212 2931 1306 3010 foeta,

231 3016 264 3081 in
277 3018 444 3099 angiportis
457 3017 569 3099 glnpsit
582 3017 785 3097 magnanimos
798 3017 882 3080 Remi
897 3025 1017 3098 nepotes
1032 3017 1083 3094 (ci.
1095 3017 1160 3082 Cot.
1170 3017 1307 3096 LVIII),

232 3103 305 3185 quid
333 3105 370 3166 de
396 3102 610 3183 Lycoride,
641 3103 721 3165 (lulli
752 3103 848 3166 arnico
875 3104 979 3182 (Prop.
1003 3103 1051 3166 El.
1072 3103 1118 3181 11,
1143 3106 1202 3181 34,
1224 3107 1306 3181 sn),

233 3189 317 3252 ouius
335 3206 437 3253 rerunt
457 3207 563 3252 nomeu
578 3188 765 3268 Cytheridem
784 3188 877 3250 inisse
895 3188 1016 3250 Servius
1040 3189 1127 3253 docet
1148 3189 1201 3270 (ud
1216 3190 1304 3268 Virg.

230 3273 322 3338 Buce.
347 3274 393 3351 X,
416 3271 478 3355 1.),
503 3274 653 3339 Volumnii
679 3274 836 3355 Eutrupeli
863 3273 974 3337 liberto
1002 3273 1056 3348 (de
1086 3293 1146 3356 quc
1173 3276 1213 3338 ci.
1239 3275 1304 3340 Cin.
1369 3311 1371 3319 ,

230 3359 308 3425 Phil.
326 3357 370 3436 ΙΙ,
392 3363 444 3423 24.
470 3357 510 3422 ud
527 3360 615 3424 Attio.
631 3359 676 3435 X,
696 3365 747 3424 10.
771 3364 820 3424 16.
842 3359 881 3423 sd
905 3359 1055 3438 hiutx,
1076 3366 1128 3426 26.
1154 3362 1231 3426 Plnt.
1249 3363 1304 3426 uit.

229 3445 298 3510 nnc.
324 3461 350 3507 u.
373 3448 403 3510 9.
430 3445 508 3509 Plio.
536 3445 604 3508 Not.
630 3444 707 3508 Ilist.
726 3446 811 3522 vill,
840 3445 922 3528 16.),
954 3448 1040 3508 urimo
1067 3446 1154 3509 simul
1182 3456 1212 3511 et
1240 3465 1305 3511 me-

230 3531 363 3596 reniret
402 3530 465 3611 (ct.
486 3528 531 3594 ‘ud
555 3531 641 3612 Eleg.
662 3531 710 3607 11,
733 3535 790 3607 34,
812 3529 879 3612 91.)
928 3531 1081 3612 Cynthium
1108 3533 1225 3606 itidem,
1254 3534 1306 3596 cui

229 3625 263 3682 nt
294 3615 416 3699 generis
451 3617 635 3680 nobilitatem
671 3617 745 3698 Ipsis
776 3618 926 3700 Propertii
962 3618 1136 3682 testimoniis
1166 3618 1303 3682 uindico-

230 3711 314 3781 reut,
337 3702 452 3766 frustra
473 3703 629 3766 laborasse
650 3703 781 3767 ridemus
802 3705 884 3768 uiros
912 3704 1032 3780 doctos,
1058 3721 1096 3768 nc
1122 3720 1213 3787 posse
1234 3705 1304 3786 qni-

158 3785 164 3796 “
230 3787 297 3853 dem
323 3789 447 3851 honesto
474 3788 543 3852 loco
568 3798 668 3854 nutum
695 3807 762 3853 esse
783 3789 852 3853 coll.
874 3788 922 3853 ill.
940 3789 986 3866 11,
1007 3794 1038 3856 7.
1065 3799 1202 3872 opponet.
1244 3791 1304 3855 llic

220 3874 307 3958 *eninr
328 3876 462 3955 guricon
483 3883 564 3938 certe
585 3873 736 3956 Cynthium
756 3875 934 3958 Propertius
960 3876 1018 3952 cit,
1045 3877 1126 3958 quod
1149 3876 1201 3940 lex
1221 3875 1304 3942 lulis

230 3959 270 4024 de
294 3959 469 4023 maritandis
496 3959 649 4023 ordinibus
673 3978 732 4023 non
760 3961 799 4026 sit
824 3960 943 4044 perluto
961 3962 1033 4042 (rid.
1055 3962 1137 4028 intre
1156 3963 1226 4026 Lib.
1246 3961 1303 4041 111,

216 4044 304 4128 Cup.
316 4044 396 4125 tlt).
439 4047 504 4110 Heu
523 4045 598 4109 enim
615 4063 653 4111 ne
667 4044 870 4111 dividerentur
885 4057 1016 4112 ementes
1032 4048 1176 4112 timebunt
1189 4048 1231 4123 (r.
1243 4051 1304 4127 3.).

231 4131 310 4208 Quid
331 4149 403 4195 nero
426 4148 535 4195 censue
558 4131 630 4206 fuit,
658 4132 728 4213 quin
756 4133 821 4214 ipse
847 4149 969 4197 uxorem
992 4132 1137 4200 duceretl
1179 4133 1304 4198 Sterilis'

232 4215 307 4294 luit,
329 4217 372 4281 uit
389 4217 577 4295 Iluinoelius,
605 4217 716 4282 colluto
738 4217 786 4282 El.
803 4218 847 4295 ll,
871 4221 929 4296 18,
950 4223 1002 4284 20.
1047 4220 1132 4299 Quae
1154 4221 1305 4286 sententis

229 4321 317 4386 quum
338 4303 378 4370 sit
398 4303 583 4368 subridicule
603 4322 701 4387 neque
721 4303 787 4369 ullu
806 4314 897 4387 egent
915 4305 1105 4386 minutione,
1126 4323 1144 4370 e
1164 4308 1305 4389 sequenti
